3225 5092
1478 235 1585 325 37'

113 451 228 516 deberi
251 451 431 529 contendit,
456 451 638 538 exquibus
667 473 731 516 uno
755 459 880 538 tantum
904 450 1005 537 loco¹)
1028 473 1060 536 p.
1077 451 1129 533 68,
1147 451 1167 514 6
1188 452 1229 516 de
1254 454 1344 535 signo
1369 452 1520 537 quodam,

113 555 270 621 Geminos
291 555 378 641 dico,
398 557 520 640 agitur,
542 577 638 642 quem
658 556 765 639 locum
787 578 804 618 e
824 556 955 640 Nigidio
976 565 1139 640 sumptum
1160 578 1232 620 esse
1253 565 1341 620 recte
1358 550 1535 622 Robertus'
1608 578 1609 583 ¹

114 685 147 748 p.
160 661 201 725 21
218 661 284 725 iam
301 683 338 725 eo
354 661 561 748 improbavit,
583 661 670 746 quod
691 660 773 724 haec
790 661 831 724 de
846 660 949 724 Zetho
966 669 997 722 et
1013 659 1198 744 Amphione
1214 660 1317 725 verba
1332 659 1520 753 Qatasteris-
1608 644 1610 711 ἓ

112 788 239 830 morum
253 765 471 850 fragmentum
488 767 638 830 continuo
652 765 829 851 excipiunt,
843 787 862 827 a
874 764 1057 848 Nigidianis
1073 773 1182 828 autem
1195 763 1360 830 stellarum
1373 763 1519 850 catalogo
1608 782 1609 785 ’

114 879 339 936 secernuntur.
382 880 526 935 ceterum
550 871 584 933 in
605 869 779 933 refutanda
799 869 854 933 illa
869 868 1118 954 Eyssenhardtii
1138 871 1288 954 opinione
1311 869 1427 953 longus
1447 893 1519 934 esse
1557 858 1559 865 '
1608 950 1609 953 Ἴ

113 975 197 1054 ιιοΙο,
225 997 301 1039 oum
326 997 398 1039 eam
418 975 502 1039 falsa
523 973 715 1038 scholiorum
741 974 883 1056 imagine
905 983 1014 1036 mente
1039 982 1198 1057 concepta
1225 976 1285 1037 niti·
1311 984 1445 1057 constet,
1475 976 1518 1040 ob
1607 1000 1610 1033 ι

112 1103 211 1166 quam
226 1079 279 1144 ille
297 1078 422 1164 singula
438 1101 585 1164 quaeque
597 1088 653 1142 aut
665 1078 706 1141 ad
718 1077 942 1142 Eratosthenis
955 1075 1210 1162 Catasterismos,
1228 1078 1339 1163 quales
1352 1078 1518 1145 codicibus
1608 1058 1609 1065 ἵ

114 1185 208 1249 nobis
225 1187 346 1249 servati
363 1192 446 1268 sunt,
468 1192 523 1248 aut
543 1182 586 1246 ad
601 1183 799 1268 Hyginum2)
816 1182 868 1246 vel
892 1183 961 1245 eius
977 1190 1143 1246 auctorem
1157 1182 1280 1246 rettulit
1299 1205 1415 1268 eaque,
1437 1206 1519 1269 quae

112 1289 156 1353 ad
176 1297 329 1352 neutrum
349 1289 471 1354 fontem
491 1290 638 1353 revocari
656 1309 749 1373 posse
773 1289 802 1352 ei
824 1286 1028 1368 videbantur,
1055 1297 1111 1351 aut
1131 1288 1231 1371 ipsius
1252 1285 1443 1352 scholiastae
1463 1299 1520 1353 aut
1608 1282 1609 1305 ³

111 1393 235 1478 Nigidii
252 1415 322 1457 esse
338 1393 460 1479 distiti)
481 1415 593 1456 veram
609 1401 718 1456 autem
734 1393 902 1474 rationem,
919 1413 1002 1476 quae
1017 1393 1101 1456 inter
1116 1390 1175 1456 has
1190 1391 1425 1477 nonnullasque
1440 1392 1519 1456 alias
1555 1368 1558 1380 Ι
1580 1384 1582 1387 ’

112 1497 299 1562 fabularum
316 1496 455 1582 syllogas
468 1507 500 1562 et
511 1498 617 1583 ipsum
629 1495 852 1560 Eratosthenis
865 1519 945 1582 opus
956 1495 1140 1580 intercedit,
1156 1494 1318 1559 Robertus
1333 1497 1364 1558 in
1379 1498 1518 1580 egregiis
1608 1492 1609 1537 ἶ

113 1603 363 1687 prolegomenis,
387 1623 471 1688 quae
491 1600 795 1668 Oatasterismorum
818 1599 962 1685 reliquiis
985 1601 1166 1685 praemisit,
1194 1600 1365 1666 enucleare
1386 1601 1517 1665 studuit.
1608 1590 1609 1605 ¹

112 1729 220 1793 neque
241 1710 310 1797 eius
326 1707 578 1792 disputationem
594 1705 754 1770 Maassius
770 1707 803 1770 in
822 1704 991 1769 Analeotis
1007 1703 1262 1768 Eratosthenicis
1278 1702 1375 1788 (Phil.
1388 1704 1517 1770 Unters
1608 1724 1610 1763 ι

111 1811 175 1876 vol.
191 1809 255 1894 VI)
270 1812 424 1877 evertisse
438 1811 516 1876 mihi
528 1811 667 1894 videtur,
685 1831 882 1895 quamquam
899 1831 972 1873 eum
984 1808 1210 1873 nonnullorum
1225 1808 1355 1893 publice
1371 1809 1518 1894 plausum
1602 1880 1605 1884 ¹

110 1914 225 1980 tulisse
242 1924 341 2002 atque
359 1917 456 1980 etiam
468 1913 647 1978 Robertum
658 1917 692 1978 in
704 1915 824 1978 noviss.
837 1913 974 1977 Prelleri
986 1911 1091 1997 Myth.
1104 1911 1222 1976 Graec.
1237 1912 1286 1976 ed.
1301 1934 1332 1998 p.
1346 1912 1398 1996 22,
1411 1912 1485 1976 adn.
1498 1912 1518 1976 5
1608 1942 1609 1975 ι

111 2021 308 2086 sententiam
333 2043 425 2085 suam
449 2021 635 2084 immutasse
658 2019 734 2082 scio.
765 2025 876 2082 tamen
899 2017 1031 2081 Maassii
1059 2038 1191 2102 operam
1214 2038 1276 2081 non
1300 2038 1431 2100 possum
1454 2039 1519 2080 non
1608 2046 1609 2103 3

111 2124 357 2192 tumultuariam
373 2125 481 2210 aliqua
497 2145 539 2188 ex
555 2133 647 2208 parte
664 2121 786 2187 habere
802 2132 835 2187 et
846 2120 1026 2186 Robertum
1042 2130 1155 2185 contra
1169 2123 1275 2205 ipsum
1287 2142 1383 2206 quam
1395 2121 1518 2184 brevis·
1608 2166 1609 2193 2

110 2233 191 2295 sime
208 2230 396 2294 defendere.
1546 2294 1548 2300 ,
1608 2206 1609 2215 ¹

215 2334 327 2419 Atque
343 2335 440 2398 etiam
458 2335 484 2397 si
501 2332 664 2416 catalogos
677 2331 842 2396 stellarum
854 2329 896 2394 ab
910 2329 1126 2394 Eratosthene
1139 2329 1261 2392 alienos
1274 2352 1344 2394 esse
1357 2328 1517 2394 Maassius
1608 2342 1609 2399 ζ

109 2438 205 2503 nobis
217 2441 432 2524 persuasisset
446 2441 501 2522 ita,
517 2447 553 2503 ut
568 2439 607 2502 iis
624 2435 896 2502 subscribendum
913 2455 1129 2518 censeremus,
1146 2456 1230 2520 quae
1241 2434 1261 2498 l.
1277 2456 1303 2497 o.
1318 2457 1348 2518 p.
1362 2434 1405 2497 33
1417 2434 1515 2498 dixit:
1608 2418 1609 2421 Ἴ

110 2547 166 2608 ‘ex
180 2543 289 2630 amplo
306 2543 465 2629 doctoque
480 2545 513 2607 in
525 2543 664 2607 Aratum
686 2541 916 2606 commentario
937 2539 1185 2604 Catasterismos
1203 2548 1327 2602 constat
1343 2547 1515 2624 excerptos
1607 2594 1610 2617 ,

110 2670 198 2712 esse:
219 2647 266 2712 ibi
286 2650 426 2734 primum
448 2647 584 2732 catalogi
605 2645 771 2711 stellarum
792 2666 868 2708 cum
886 2644 1033 2729 mythica
1052 2652 1224 2727 ceteraque
1249 2641 1396 2706 doctrina
1419 2653 1517 2707 astro·
1608 2630 1609 2691 Ῐ

109 2754 241 2818 nomica
261 2755 294 2816 in
311 2775 383 2817 eam
399 2752 546 2837 formam,
568 2774 666 2837 quam
683 2758 898 2814 servaverunt
914 2746 1144 2827 Catasterismi,
1165 2747 1291 2810 redacti
1315 2747 1411 2827 sunt',
1433 2785 1472 2793 -—
1490 2749 1516 2811 si
1608 2796 1609 2799 ι

109 2858 184 2941 hoc,
200 2860 343 2943 inquam,
360 2857 624 2938 concederemus,
637 2864 746 2919 tamen
758 2873 964 2938 nequaquam
976 2852 1073 2935 idem,
1087 2851 1174 2936 quod
1188 2851 1347 2914 Maassius
1360 2850 1400 2914 de
1413 2850 1515 2914 altera

111 2963 418 3030 Catasterismorum
445 2970 538 3046 parte
561 2958 733 3025 luculentis
756 2958 956 3042 argumentis
985 2956 1222 3020 demonstrasse
1249 2954 1312 3019 sibi
1340 2955 1428 3017 visus
1457 2964 1514 3036 est,
1608 2956 1609 2967 ¹

224 3225 243 3292 1)
257 3226 367 3288 Omitto,
381 3241 450 3290 quae
462 3242 487 3291 p.
500 3227 542 3287 70,
556 3225 666 3286 13—71,
679 3225 695 3272 4
708 3214 859 3272 secundnm
866 3220 1014 3270 Philiscum
1028 3219 1061 3269 de
1073 3219 1178 3268 ‘Asinis’
1195 3219 1224 3266 in
1236 3222 1306 3268 testa
1316 3217 1414 3267 Cancri
1425 3219 1518 3283 positis

112 3319 265 3376 narrantur,
276 3329 337 3362 cum
348 3313 440 3362 eadem
452 3313 523 3378 apud
533 3312 671 3376 Hyginum
681 3309 778 3358 Astrol.
789 3309 824 3370 Π,
835 3310 876 3370 23,
887 3325 912 3372 p.
923 3309 966 3367 65,
979 3308 1088 3369 15-66,
1098 3310 1113 3355 5
1124 3307 1203 3355 Bunt.
1214 3304 1307 3354 eodem
1318 3305 1396 3354 modo
1405 3305 1517 3371 reliquis
1608 3294 1610 3305 ’

110 3402 272 3466 interposita
284 3400 416 3465 legantur.
442 3413 610 3447 communem
624 3398 695 3446 enim
705 3397 810 3460 Hygini
823 3401 850 3444 et
863 3396 890 3443 in
892 3400 992 3459 iterpre
993 3396 1016 3443 is
982 3393 1184 3443 tGermanici
1196 3393 1298 3440 fontem
1312 3391 1516 3444 Catasterismos

112 3490 248 3556 pleniores
260 3487 342 3538 fuisse
354 3487 488 3536 Robertus
501 3503 525 3550 p.
538 3487 569 3534 14
583 3484 771 3549 comprobavit.
1569 3469 1572 3474 ’

220 3593 241 3656 ²)
254 3593 297 3643 Ex
310 3607 341 3642 eo
363 3607 418 3641 una
435 3595 538 3641 tantum
557 3589 657 3652 tabula,
677 3603 746 3653 quae
764 3593 804 3638 est
822 3587 854 3636 de
867 3588 973 3653 Lepore
990 3603 1015 3652 p
1026 3588 1067 3648 96,
1080 3587 1180 3634 19-97
1183 3586 1316 3648 „8Breys
1329 3585 1410 3648 (Hyg.
1421 3584 1518 3634 Astrol.
1569 3501 1577 3635 l

113 3685 139 3732 11
141 3682 203 3747 ,33)
217 3687 324 3760 sumpta
338 3685 386 3741 esi,
404 3679 431 3728 id
448 3678 520 3744 quod
533 3692 548 3726 e
561 3677 703 3726 verborum
717 3690 851 3725 consensu
864 3675 983 3740 adparet,
965 3673 1047 3723 ised
1064 3688 1123 3722 eam
1141 3673 1288 3737 posteriore
1305 3671 1411 3738 demum
1428 3677 1518 3722 aetate

115 3785 147 3820 ex
160 3771 271 3834 Hygino
288 3767 478 3832 interpolatam
496 3780 553 3815 esse
575 3765 683 3814 invictis
702 3764 880 3828 argumentis,
902 3766 933 3811 nt
950 3760 1209 3824 reeteRobertusp.
1227 3761 1259 3807 14
1275 3758 1385 3820 indicat,
1403 3757 1518 3808 ostendit

113 3857 260 3906 Bursianus
274 3871 335 3905 ann.
350 3853 442 3920 philol.
452 3852 665 3903 MDCCCLXVi
667 3868 707 3916 ,.p
720 3852 777 3912 766,
788 3849 850 3898 adn
863 3851 902 3897 13.

217 3957 239 4022 ³)
254 3959 343 4008 Unam
361 3972 393 4007 ex
410 3957 451 4005 his
464 3955 570 4017 fabulis,
584 3969 654 4020 quae
671 3959 712 4003 est
729 3953 761 4002 de
779 3952 860 4002 Oanis
873 3951 967 4001 ardore
984 3968 1009 4016 p.
1025 3952 1068 4013 94,
1085 3951 1193 4011 16-95,
1209 3949 1249 4011 17,
1262 3950 1416 4013 nuperrima
1434 3949 1515 3998 etiam

114 4047 274 4110 Roehrigius
284 4045 301 4094 l.
308 4061 330 4094 o.
338 4062 362 4110 p.
370 4045 402 4092 32
407 4043 514 4108 Nigidio
525 4041 626 4092 tribuit.
640 4041 686 4090 sed
697 4054 798 4102 vereor,
808 4045 839 4088 ut
850 4039 975 4103 cuiquam
985 4037 1155 4102 persuaserit.
1175 4051 1237 4084 nam
1249 4036 1518 4100 praeterquamquod

115 4134 179 4184 haec
188 4133 282 4183 fabula
291 4148 345 4181 non
355 4132 388 4181 ad
398 4131 499 4180 zodiaci
509 4130 614 4195 signum
625 4129 749 4193 pertinet,
761 4127 849 4176 obstat
858 4142 912 4174 non
922 4125 1017 4187 solum,
1028 4124 1099 4189 quod
1109 4123 1219 4188 Amphis
1229 4124 1346 4171 comicus
1356 4127 1450 4172 auctor
1460 4125 1518 4172 eius

116 4236 170 4271 essa
187 4221 294 4282 dicitur,
313 4235 373 4269 cum
390 4220 418 4268 in
435 4221 476 4280 iis,
494 4231 563 4282 quaa
580 4230 689 4266 revera
706 4215 807 4278 Nigidii
824 4218 895 4274 sunt,
913 4227 1046 4277 nusquam
1058 4211 1161 4275 Nigidii
1178 4210 1287 4259 nomine
1304 4210 1400 4258 omisso
1418 4211 1519 4274 primus

117 4309 173 4357 iona
182 4307 327 4370 indicetur,
339 4307 384 4356 sed
396 4308 476 4356 etiam
487 4305 558 4370 quod
568 4314 737 4368 nequaquam
750 4301 795 4350 hic
805 4301 881 4350 locus
890 4301 1035 4366 aptissime,
1048 4303 1078 4348 ut
1090 4297 1234 4362 Roehrigio
1247 4296 1362 4358 videtur,
1375 4297 1409 4345 ad
1417 4297 1519 4361 Nigidii

117 4397 294 4461 fragmentum
309 4411 333 4460 p.
345 4397 386 4456 65,
396 4395 507 4456 20-67,
520 4395 550 4440 14
562 4391 681 4456 quadrat.
711 4390 830 4454 potuisse
847 4393 938 4438 autem
948 4386 1100 4436 Germanioi
1113 4384 1284 4434 scholiastam
1298 4397 1331 4432 ex
1339 4383 1518 4434 Eratosthene

119 4483 234 4546 haurire,
252 4497 323 4548 quae
340 4481 399 4544 alii,
417 4482 463 4546 qui
482 4480 575 4530 eodem
593 4479 667 4527 fonte
684 4477 726 4526 usi
743 4481 819 4539 sunt,
837 4491 891 4524 non
911 4474 1047 4536 exhibent,
1064 4473 1148 4523 tribus
1165 4470 1296 4536 exemplis
1314 4470 1519 4520 confirmatura

121 4570 233 4621 lieberto
246 4570 264 4620 l.
276 4585 298 4620 e.
309 4585 334 4636 p.
348 4570 380 4619 21
393 4567 498 4618 adlatis.
529 4571 649 4616 ceterum
661 4563 785 4630 Amphim
803 4563 886 4614 etiam
903 4564 932 4612 in
945 4560 1073 4612 Callistus
1084 4557 1177 4610 fabula
1190 4557 1323 4608 narranda
1334 4557 1520 4608 Eratosthenis

122 4663 253 4708 auctorem
265 4657 348 4707 fuisse
361 4661 478 4719 constat3
492 4655 524 4704 cf.
535 4654 682 4704 Robertum
696 4651 713 4701 l.
722 4667 743 4700 c.
754 4668 779 4716 p.
796 4653 835 4701 12.
