3225 5092
21 1 236 134 ww
204 48 219 57 ,,
235 1 276 54 .¹'·'
431 22 437 44 i
465 37 469 50 „

150 56 167 75 .’.
206 55 239 85 11'

152 87 154 97 1

21 137 23 150 l
602 127 603 142 1

1443 252 1501 314 111

110 437 263 500 sociatum
280 445 329 499 001
346 436 374 518 l,
387 434 417 518 5,
431 434 451 498 2
467 436 608 520 ‘querela
623 438 693 520 regi
708 437 836 522 delata’,
857 438 887 520 9,
900 437 930 521 6,
945 438 962 500 7
981 437 1154 522 ‘querelam
1169 438 1320 526 Philippo
1337 463 1434 527 saepe
1450 443 1502 507 de-

21 609 23 626 ,
109 540 244 623 tulerat',
261 541 302 605 cf.
319 542 368 626 11,
382 540 411 624 7,
427 541 480 623 13,
504 541 552 624 19,
565 542 595 624 3,
607 528 642 623 4,
664 541 714 623 38,
729 543 758 625 8,
771 542 801 626 2,
824 564 898 609 cum
913 543 1150 628 praepositione
1167 543 1229 607 ‘ad'
1247 543 1276 625 2,
1292 543 1341 626 10,
1355 544 1374 606 9
1392 545 1503 610 ‘certa-

110 644 306 734 men.7.ad
331 655 482 731 patruum
506 646 849 730 suum...deferunt',
874 646 1081 730 01.12,5,1,
1108 647 1256 731 14,1,9,
1283 648 1379 733 16,4,
1398 651 1438 712 16
1461 652 1500 716 01.

110 748 280 833 deligare
300 751 330 832 3,
343 749 373 830 5,
389 750 428 814 10
445 753 612 815 ‘tesseras
628 801 634 814 .
650 801 656 814 .
674 751 809 816 dextero
830 750 982 816 bracchio
1004 751 1204 836 deligarent'.
1236 775 1309 816 rara
1328 752 1409 816 haec
1430 777 1502 819 con-

21 855 22 862 ’
110 857 247 937 structio,
269 857 321 919 cui
341 854 463 941 aliquid
484 855 585 920 simile
604 854 721 939 legitur
737 855 824 940 apud
841 856 929 920 Suet.
942 857 1019 920 Ner.
1031 856 1074 920 45
1091 856 1231 920 ‘alterius
1248 855 1403 944 (statuae)
1422 858 1502 923 00110

109 980 262 1045 ascopera
278 960 439 1044 deligata'.
467 959 696 1024 demandare
712 960 742 1039 2,
757 961 807 1044 12,
823 960 863 1023 16
876 960 1005 1024 ‘abditis
1020 960 1152 1024 insulis.
1168 1011 1174 1024 .
1189 959 1417 1026 ,demandant’
1432 962 1502 1048 (ubi

24 1147 25 1150 Ἴ
110 1065 146 1131 cf.
159 1063 426 1150 Fittbogenium).
458 1064 608 1130 demere
629 1065 658 1146 7,
672 1065 735 1146 6,5
751 1055 984 1151 ‘contemptum
1005 1065 1066 1129 sibi
1081 1065 1221 1129 hostium
1242 1065 1394 1129 demeret'
1412 1066 1502 1152 (vide
1591 1139 1594 1142 ,

108 1169 378 1254 Fittbogenium);
395 1168 437 1232 cf.
453 1171 502 1251 11,
518 1171 545 1251 1,
559 1168 593 1250 8,
611 1169 773 1252 11,9,15,
792 1169 842 1252 15,
855 1170 885 1252 3,
900 1170 954 1250 13,
971 1169 1022 1251 39,
1032 1170 1062 1250 3,
1072 1168 1102 1233 9.
1130 1168 1335 1253 detergere
1353 1170 1446 1254 15,4,
1461 1172 1499 1235 11

21 1289 22 1294 ’
109 1274 265 1340 ‘sudorem
276 1325 283 1338 .
294 1327 300 1339 .
312 1325 317 1338 .
327 1273 438 1358 lingua
450 1276 480 1338 ei
492 1274 644 1338 detersit’.
668 1276 701 1338 in
718 1274 933 1338 construendo
945 1274 1047 1338 verbo
1064 1275 1214 1359 eripere
1229 1274 1372 1339 Iustinus
1384 1278 1502 1361 partim

109 1380 262 1442 consentit
277 1400 352 1445 cum
367 1381 560 1466 optimorum
580 1380 774 1464 scriptorum
793 1402 863 1457 usu,
885 1379 1003 1464 partim
1023 1378 1065 1441 ab
1086 1401 1123 1442 eo
1143 1379 1276 1442 recedit.
1308 1378 1387 1442 illud
1407 1381 1452 1461 fit,
1474 1382 1502 1443 si

109 1483 241 1548 verbum
262 1483 377 1548 eadem
393 1486 425 1546 vi
441 1506 505 1569 qua
516 1492 661 1547 nostrum
677 1483 851 1562 ί0010101100,
867 1485 1041 1546 entreissen’
1058 1486 1198 1569 positum
1215 1504 1289 1548 cum
1305 1482 1414 1548 dativo
1430 1506 1501 1569 per-

110 1610 200 1652 sonae
216 1598 249 1652 et
266 1611 339 1653 cum
355 1591 539 1653 accusativo
555 1589 602 1652 rei
620 1590 837 1672 coniungitur:
860 1588 952 1668 1,10,
969 1587 1009 1650 12
1026 1586 1122 1673 ‘quod
1142 1596 1177 1651 ut
1199 1590 1362 1672 eriperent
1377 1589 1500 1672 magis',
1553 1591 1559 1602 “
1592 1658 1593 1671 ,

111 1693 136 1773 8,
148 1694 176 1776 6,
190 1694 207 1755 1
223 1698 381 1778 ‘ereptum
389 1693 540 1778 Arrybae
552 1693 708 1778 regnum',
732 1693 780 1776 17,
790 1693 851 1778 2,5
862 1693 901 1756 al.
926 1702 1023 1778 atque
1036 1693 1149 1758 eadem
1161 1695 1318 1756 retinetur
1329 1702 1500 1773 structura,

21 1857 22 1862 ,
111 1799 194 1862 01001
206 1801 342 1884 eripitur
357 1798 476 1862 malum
492 1797 632 1883 aliquod,
649 1797 739 1861 velut
754 1798 784 1879 6,
797 1798 826 1875 3,
845 1796 1025 1883 121000010
1040 1849 1046 1861 .
1063 1847 1069 1860 .
1084 1848 1090 1859 .
1104 1797 1250 1861 condicio
1267 1795 1392 1859 servilis
1409 1797 1501 1881 eripi·
1592 1816 1593 1847 1

21 1923 23 1964 1
113 1902 177 1966 101’.
214 1905 240 1966 01
260 1911 368 1966 001001
387 1901 530 1966 10011000
555 1901 656 1966 verbo
681 1903 824 1987 ‘eripere'
846 1901 982 1965 eandem
1001 1902 1165 1965 notionem
1185 1900 1327 1965 habente
1354 1909 1504 1986 quaeest
1592 1926 1593 1957 r

21 2003 25 2030 ³
111 2009 201 2071 nostri
225 2006 374 2071 ί3000011
400 2031 456 2070 aas
484 2018 575 2070 011000
598 2009 838 2090 1000000100οη,
862 2005 1005 2091 dafreian’
1029 2027 1202 2091 personam
1230 2007 1419 2068 accusativo
1447 2027 1501 2068 ex·
1592 2064 1593 2067 ,

112 2114 211 2196 primit
232 2122 264 2178 et
283 2134 362 2194 rem,
384 2133 481 2196 equa
497 2113 568 2197 quis
585 2113 729 2197 eripitur,
749 2114 891 2175 intortio
911 2121 967 2176 aut
987 2120 1080 2176 sexto
1098 2109 1175 2175 casu
1190 2113 1290 2195 ponit,
1311 2111 1503 2175 adversatur
1592 2104 1593 2107 ¹

21 2238 23 2242 ’
111 2219 240 2302 optimae
257 2216 387 2280 dicendi
404 2216 637 2298 consuetudini,
654 2238 717 2302 qua
733 2237 784 2278 res
800 2217 835 2279 iu
849 2215 992 2279 ablativo
1003 2217 1080 2300 poni
1092 2215 1172 2279 solet
1184 2217 1423 2300 praepositione
1438 2222 1500 2278 ‘ex’
1592 2262 1593 2265 ,

110 2321 156 2385 vel
170 2321 228 2386 ‘de'
246 2322 401 2406 praefixa.
434 2330 521 2384 certe
542 2323 737 2406 conspicitur
759 2320 886 2384 dativus
903 2321 954 2404 37,
971 2319 1032 2401 1,5
1049 2319 1233 2404 ‘parvulum
1253 2319 1366 2384 sceleri
1387 2321 1501 2382 matris
1592 2374 1593 2377 ,

112 2427 291 2512 ...eripuit'
306 2436 338 2490 et
353 2411 514 2490 ablativus
532 2426 582 2506 13,
597 2427 625 2503 1,
638 2426 658 2488 3
671 2427 830 2511 ‘quotiens
841 2426 1006 2510 praesenti
1023 2433 1126 2488 morte
1143 2434 1272 2511 ereptus
1290 2424 1394 2488 esset'.
1418 2446 1500 2508 quae

111 2540 208 2600 autem
227 2531 277 2616 16,
290 2530 322 2614 5,
333 2530 355 2593 4
367 2533 411 2594 ‘se
426 2539 493 2594 tam
505 2530 640 2595 funestis
654 2530 894 2595 calamitatibus
908 2582 914 2596 .
928 2579 934 2592 .
950 2580 956 2593 .
971 2529 1120 2615 eripiunt’
1139 2539 1170 2592 01
1184 2528 1236 2607 44,
1250 2528 1280 2611 4,
1296 2531 1333 2592 11
1349 2531 1405 2592 ‘tot
1420 2531 1501 2614 peri-

111 2636 182 2699 culis
198 2636 338 2721 ereptus’
351 2635 501 2720 leguntur
513 2636 633 2701 formae
646 2644 754 2699 utrum
771 2637 834 2698 sint
849 2656 908 2719 pro
924 2634 1040 2698 dativis
1056 2656 1098 2697 an
1113 2633 1263 2698 ablativis
1279 2633 1501 2717 accipiendae,
1592 2670 1593 2673 =

21 2801 23 2822 ,
110 2761 147 2802 ex
160 2743 205 2805 eis
219 2742 298 2826 ipsis
313 2739 457 2824 intellegi
473 2762 537 2804 non
552 2748 666 2825 potest.
698 2741 821 2825 pariter
840 2761 892 2802 res
913 2761 946 2802 se
961 2738 1062 2802 habet
1077 2740 1110 2801 in
1126 2737 1227 2802 verbo
1248 2739 1426 2802 eximere.
1458 2746 1501 2800 et·
1592 2764 1593 2795 ς

110 2846 187 2908 enim
206 2844 240 2909 id
260 2846 378 2929 partim
402 2845 580 2908 secundum
603 2845 953 2928 praestantissimorum
977 2845 1170 2928 scriptorum
1193 2864 1288 2906 usum
1309 2850 1502 2927 usurpatum

21 2943 24 3034 ᾗἸ
110 2951 278 3032 1000111000
300 2948 349 3030 12,
369 2949 418 3030 15,
437 2947 477 3012 12
494 2951 691 3032 ‘exemptum
715 2948 815 3032 digito
838 2947 979 3011 anulum'
1001 2956 1034 3010 et
1054 2946 1105 3029 30,
1124 2948 1153 3030 3,
1171 2945 1191 3010 5
1213 2949 1351 3010 ‘omnem
1371 2955 1501 3010 cuncta·
1592 2990 1593 3009 2

21 3031 22 3110 1
110 3054 241 3116 tionem.
257 3105 263 3117 .
279 3055 424 3140 ‚senatui
440 3054 572 3134 eximit',
595 3055 724 3138 partim,
746 3054 771 3115 si
787 3055 874 3116 notio
889 3051 1049 3116 liberandi
1065 3053 1095 3114 ei
1109 3053 1202 3133 inest,
1231 3072 1293 3131 res,
1314 3073 1334 3114 a
1349 3071 1413 3134 qua
1429 3051 1500 3134 quis
1592 3102 1593 3131 5

21 3131 24 3198 1
109 3155 266 3239 liberatur,
287 3158 329 3222 ab
345 3158 468 3242 Iustino
489 3157 598 3222 dativo
620 3160 813 3243 exprimitur
831 3156 901 3220 1000
921 3158 1168 3242 praepositionis
1184 3155 1247 3218 ‘ex’
1266 3178 1339 3218 cum
1358 3153 1501 3219 ablativo

110 3263 309 3326 coniunctae:
334 3262 385 3345 35,
404 3263 435 3344 2,
458 3265 473 3325 1
498 3262 584 3328 ‘belli
606 3263 758 3348 periculis
782 3261 1023 3345 eximerentur',
1049 3260 1099 3344 39,
1121 3261 1150 3336 3,
1176 3260 1193 3321 7
1220 3263 1311 3344 ‘quas
1335 3257 1500 3344 (feminas)

21 3377 23 3432 l
111 3387 199 3432 sexus
215 3369 286 3452 ipse
306 3366 458 3453 periculis
478 3367 635 3431 bellorum
656 3376 687 3430 et
709 3367 863 3430 saevitiae
879 3366 1039 3429 victorum
1060 3364 1202 3429 eximat'.
1234 3385 1318 3448 quae
1338 3373 1501 3428 structura

111 3491 175 3536 cum
190 3471 230 3536 ab
247 3473 316 3536 aliis
332 3482 506 3556 argenteae
518 3473 632 3536 aetatis
645 3470 855 3555 scriptoribus
867 3479 936 3533 tum
948 3471 1090 3533 maxime
1102 3491 1121 3531 a
1134 3468 1247 3533 Tacito
1260 3468 1499 3554 frequentatur:

112 3574 241 3640 cl.Ann.
261 3578 289 3658 1,
305 3575 361 3657 48,
388 3577 437 3659 14,
454 3577 509 3658 40,
536 3576 585 3658 12,
603 3575 642 3639 21
667 3575 707 3638 01.
746 3576 967 3657 immittere,
996 3575 1048 3637 oui
1072 3572 1113 3637 ab
1137 3574 1268 3658 optimis
1292 3572 1502 3658 scriptoribus

21 3749 22 3754 1
112 3701 228 3765 semper
247 3683 442 3767 praepositio
461 3681 601 3764 additur,
622 3681 709 3766 apud
724 3679 885 3744 Iustinum
905 3701 979 3743 cum
1000 3678 1109 3742 dativo
1130 3679 1275 3742 iunctum
1296 3677 1432 3762 legimus
1447 3677 1500 3759 26,

114 3784 167 3864 3,6
182 3788 244 3850 ‘cui
261 3837 267 3850 .
283 3836 289 3849 .
305 3808 528 3870 ‚percussores
543 3785 779 3851 immittuntur'.
811 3784 892 3848 haec
913 3793 1020 3847 autem
1036 3785 1232 3847 constructio
1248 3805 1314 3846 non
1334 3782 1445 3863 solum,
1465 3792 1501 3845 ut

21 3905 23 3922 ³
114 3885 288 3974 Draegerus
303 3890 344 3971 12,
361 3913 393 3974 p.
406 3890 469 3953 423
490 3890 631 3970 adnotat,
653 3898 823 3976 poetarum
845 3898 903 3970 est,
925 3887 983 3951 scd
1003 3890 1101 3951 etiam
1120 3897 1157 3951 ut
1176 3887 1263 3973 apud
1278 3887 1437 3951 Iustinum
1457 3888 1501 3948 ita
1592 3962 1593 3965 Ἴ

21 3995 23 4062 ἶ
114 3994 190 4075 apud
204 3994 281 4059 alios
297 3995 420 4058 solutae
435 3996 586 4059 orationis
602 3997 775 4078 scriptores
792 3994 907 4056 aetatis
922 4000 1097 4076 argenteae
1111 3994 1290 4056 invenitur:
1315 3992 1355 4055 cf.
1369 3990 1455 4054 Flor.
1471 3991 1499 4069 1,

21 4101 23 4116 ¹
115 4093 216 4175 31,18.
247 4101 442 4184 imponere
465 4099 513 4183 15,
528 4099 557 4180 3,
573 4099 611 4162 13
628 4098 788 4162 ‘diadema
802 4149 807 4162 .
822 4149 828 4160 .
843 4146 849 4159 .
865 4099 963 4181 capiti
983 4099 1052 4160 eius
1073 4097 1273 4181 imponeret’,
1295 4096 1336 4159 cf.
1352 4095 1401 4175 18,
1420 4094 1451 4172 2,
1466 4094 1499 4174 9,

118 4199 158 4281 18,
169 4203 196 4284 4,
210 4204 262 4283 12,
283 4203 332 4285 18,
345 4201 422 4285 5,5,
444 4204 495 4284 22,
508 4204 538 4285 4,
552 4203 585 4284 5,
603 4204 654 4286 23,
668 4203 697 4284 2,
712 4204 746 4283 6,
767 4201 974 4285 23,2,1201.
1006 4204 1184 4266 incutere
1208 4201 1237 4281 9,
1256 4200 1284 4283 7,
1303 4201 1341 4262 11
1361 4201 1501 4262 ‘incussa
1592 4184 1593 4189 ἵ

21 4385 23 4398 ,
115 4307 218 4388 populo
234 4310 482 4394 superstitione',
498 4309 550 4391 42,
564 4309 594 4392 5,
610 4308 650 4372 10
666 4311 798 4371 ‘metum
810 4307 967 4371 Phrahati
981 4307 1136 4369 incussit'.
1163 4308 1241 4368 item
1256 4303 1344 4389 apud
1356 4303 1501 4386 Trogum

21 4453 22 4456 ,
116 4405 290 4496 Pompeium
311 4435 355 4476 or.
373 4413 481 4477 Mithr.
498 4413 592 4497 38,1,
607 4411 625 4476 8
642 4412 714 4476 ‘illis
735 4412 844 4476 odium
856 4412 1076 4477 Romanorum
1094 4410 1238 4474 incussit’
1256 4419 1288 4472 et
1303 4409 1388 4472 Flor.
1406 4407 1435 4488 2,
1448 4406 1500 4491 26,

21 4553 23 4576 2
118 4512 149 4574 16
169 4517 237 4580 ‘non
257 4519 426 4581 minimum
446 4519 575 4581 terroris
595 4519 731 4580 incussit
751 4516 901 4582 barbaris
922 4514 1086 4580 Comidius
1107 4515 1272 4578 centurio'.
1307 4512 1400 4578 abest
1420 4512 1501 4576 haec

21 4639 22 4642 ¹
117 4623 295 4686 constructio
319 4644 338 4684 a
361 4621 526 4686 Ciceronis
547 4620 695 4685 Caesaris
717 4620 860 4685 Sallustii
876 4621 982 4684 Taciti
1004 4621 1140 4705 scriptis.
1175 4619 1322 4683 inferre
1346 4618 1501 4681 construit
