3225 5092
1513 201 1531 264 .,
1607 216 1608 221 .

137 397 174 452 ut
193 387 357 473 adpareat,
378 385 440 451 hoc
461 389 647 474 exemplum
669 411 732 453 non
754 389 914 471 cumillis,
938 411 1020 474 quae
1040 390 1128 475 apud
1149 389 1291 455 Gellium
1310 390 1330 455 l.
1348 414 1375 455 c.
1393 403 1425 456 et
1444 394 1533 478 apud

137 492 277 557 Nonium
312 483 391 557 lucis
421 514 464 556 ex
494 514 531 556 eo
562 496 669 579 capite
697 493 792 559 Gellii
827 489 951 558 haustis
981 493 1146 578 leguntur,
1183 496 1388 560 coniunctum
1422 497 1530 561 fuisse.
1607 522 1608 527 ¹

137 595 261 661 Gellius
280 599 366 662 enirn
386 596 492 664 ibide
512 598 631 681 verbis,
652 621 734 684 quae
756 600 798 663 ‘in
819 608 989 683 utramque
1003 607 1129 683 partem
1145 600 1378 682 significatione
1393 602 1533 667 adversa

137 709 169 764 et
195 703 372 787 reciproca'
401 703 565 787 dicantur,
594 707 669 788 agit.
720 727 803 790 quae
832 728 906 769 cum
932 707 978 768 ita
1004 706 1080 789 sint,
1112 707 1176 769 iam
1204 708 1296 791 quasi
1322 707 1532 772 fundamento

137 814 227 870 caret
238 809 432 890 coniectura,
449 831 513 894 qua
524 808 738 875 Mercklinius
755 809 949 874 huncNouii
969 810 1085 894 locum,
1108 811 1226 894 quiesi
1248 811 1533 894 s.v.Iuvidiosum,

135 909 266 993 Nigidio
289 911 412 997 tribuit,
436 934 490 977 eos
512 922 621 978 autem
642 923 792 998 quattuor
816 914 911 991 locoS,
937 914 977 978 de
997 913 1114 999 quibus
1134 914 1421 979 Krataschmcrum
1443 926 1532 980 recte

134 1012 296 1079 iudicasse
320 1015 399 1099 dixi,
422 1016 563 1082 Nonium
586 1017 691 1082 Gellio
714 1018 836 1084 debere
859 1021 999 1102 negavit.

238 1118 305 1183 Sed
327 1123 392 1186 iam
415 1125 448 1186 in
472 1132 570 1209 caput
593 1121 777 1188 Gallianum
804 1123 900 1187 modo
927 1125 1055 1209 saepius
1085 1133 1368 1188 commemoratum
1393 1125 1532 1208 inquira-
1607 1138 1608 1141 ’

135 1247 223 1306 mus,
251 1234 301 1310 ut,
332 1222 410 1312 quid
432 1229 466 1292 in
493 1251 531 1292 eo
555 1228 789 1293 conscribendo
813 1227 1002 1314 compilator
1024 1228 1077 1292 illc
1099 1253 1119 1292 a
1141 1227 1271 1312 Nigidio
1294 1238 1459 1293 mutuatus
1483 1232 1531 1313 sit,

133 1351 380 1414 cognoscamus.
398 1333 521 1418 profert
533 1333 665 1419 quidem
677 1334 729 1398 ille
742 1333 865 1416 Nigidii
877 1333 979 1397 verba
991 1332 1040 1397 ad'
1051 1334 1206 1416 originem
1224 1335 1424 1398 strationem
1439 1335 1532 1400 verbi

136 1435 311 1500 ‘infestum'
336 1435 564 1521 explicandas:
588 1438 755 1502 ‘Infestum
779 1447 828 1501 est
851 1461 870 1500 a
892 1437 1075 1501 festinando
1098 1436 1235 1501 dictum:
1259 1461 1334 1502 nam
1358 1439 1413 1523 qui
1434 1441 1533 1504 instat

131 1540 231 1606 alicui
258 1562 395 1626 eumque
422 1562 600 1627 properans
626 1551 721 1626 urget
748 1544 995 1628 opprimereque
1023 1563 1097 1605 eum
1124 1541 1232 1605 studet
1258 1541 1453 1628 festinatque
1475 1554 1532 1608 aut

133 1654 247 1711 contra
270 1645 311 1709 de
335 1645 426 1710 cuius
448 1646 594 1731 periculo
618 1656 649 1711 et
672 1649 769 1711 exitio
789 1647 969 1728 festinatur,
992 1647 1020 1709 is
1039 1654 1175 1730 uterque
1195 1646 1330 1709 infestus
1350 1645 1469 1711 dicitur
1488 1648 1530 1712 ab

131 1753 285 1814 instantia
299 1758 397 1834 atque
412 1751 613 1816 imminentia
632 1751 765 1836 fraudis,
787 1773 884 1836 quam
903 1750 956 1814 vel
975 1744 1120 1814 facturus
1141 1751 1282 1835 cuipiam
1302 1750 1355 1814 vel
1375 1773 1530 1836 passurus

132 1854 200 1918 est!
254 1863 288 1919 at
316 1875 395 1917 num
425 1854 539 1918 eodem
571 1855 666 1919 modo
697 1856 847 1940 Nigidius
878 1857 975 1920 etiam
1007 1854 1048 1918 de
1083 1854 1252 1918 adiectivis
1284 1856 1317 1918 in
1351 1856 1445 1919 ‘osus'
1477 1856 1530 1920 de-

132 1957 313 2024 sinentibus
329 1959 554 2044 disputaverit,
569 1969 606 2024 ut
618 1959 781 2046 duplicem
792 1982 905 2024 eorum
917 1960 1160 2042 significationis
1172 1960 1330 2023 rationem
1342 1960 1529 2046 explicaret,

131 2087 231 2150 quam
258 2064 401 2129 maxime
429 2063 557 2146 dubito,
586 2086 660 2128 cum
685 2063 809 2129 Gellius
836 2064 857 2128 l.
875 2088 901 2128 c.
919 2063 985 2145 §.9
1013 2064 1162 2148 exemplo
1190 2062 1384 2128 Sallustiano
1410 2073 1528 2143 utatm,

132 2169 221 2255 quod
240 2167 409 2252 Nigidium
431 2191 496 2233 non
520 2167 707 2234 adhibuisse
733 2177 867 2250 constat,
899 2178 929 2232 et
949 2191 993 2231 ex
1011 2167 1081 2231 loco
1096 2167 1137 2231 N.
1149 2167 1195 2251 A.
1212 2167 1290 2253 IIII,
1314 2167 1334 2230 9
1353 2167 1388 2231 id
1407 2178 1531 2233 tantum

131 2275 305 2359 adpareat,
335 2271 502 2356 Nigidium
533 2274 681 2338 statuisse
711 2275 818 2338 omnia
847 2272 932 2338 illius
964 2272 1051 2336 modi
1085 2271 1262 2354 adiectiva,
1298 2281 1333 2336 ut
1367 2275 1541 2356 ‘vinosus’,

131 2376 354 2456 ‘mulierosus',
383 2376 582 2461 ‘religiosus',
612 2379 748 2464 ‘copiam
777 2377 941 2462 quandam
968 2376 1182 2441 immodicam'
1210 2375 1345 2440 alicuius
1367 2379 1413 2440 rei
1437 2379 1530 2461 signi-

130 2485 233 2549 ficare
256 2490 288 2545 et
309 2481 443 2566 idcirco,
467 2490 502 2545 ut
522 2480 645 2546 Gellius
666 2483 719 2559 ait,
744 2484 787 2546 ‘in
808 2481 921 2567 culpas
941 2480 1080 2546 cadere'.
1119 2482 1289 2565 impugnat
1307 2502 1384 2545 vero
1405 2480 1530 2546 Gellius

128 2589 253 2654 ibidem
274 2593 352 2650 sect.
371 2585 411 2648 12
431 2587 546 2650 miram
567 2585 651 2650 hanc
669 2584 792 2669 Nigidii
813 2585 1072 2672 explicationem,
1095 2607 1201 2669 quam,
1225 2585 1252 2647 si
1274 2607 1309 2648 re
1329 2607 1408 2649 vera
1427 2594 1528 2650 totum

129 2715 199 2778 cap.
226 2691 267 2754 12
288 2689 364 2754 libri
386 2689 495 2754 VIIII.
517 2712 535 2753 e
557 2689 689 2774 Nigidio
703 2699 882 2775 sumptum
904 2699 1005 2774 esset,
1033 2691 1133 2775 ipsius
1161 2687 1270 2753 verbis
1297 2691 1455 2774 potuisset
1481 2713 1528 2753 re-

128 2797 243 2861 futare.
282 2793 441 2880 exemplis
464 2804 572 2859 autem
592 2793 774 2880 Nigidianis
795 2816 870 2859 cum
894 2794 965 2875 alia,
989 2815 1073 2878 quae
1091 2793 1177 2858 bono
1197 2800 1321 2857 tantum
1344 2815 1442 2859 sensu
1464 2795 1529 2859 dici

129 2902 270 2986 possint,
305 2908 374 2964 tum
405 2897 652 2984 ‘disciplinosus’
687 2900 829 2985 opponit.
884 2899 994 2983 itaque
1026 2897 1212 2984 exemplum
1242 2919 1284 2961 cx
1319 2896 1441 2962 Gatonc
1475 2899 1528 2963 de·
1568 2941 1577 2965 ,ι

130 3013 327 3090 promptum,
351 3023 413 3086 quo
436 3003 561 3068 Nonius
584 3003 678 3068 huius
702 3003 854 3068 vocabuli
876 3005 1039 3066 notionem
1063 3023 1094 3086 p.
1117 3002 1192 3083 463,
1216 3001 1237 3064 2
1259 3000 1410 3079 illustrat,
1441 3012 1527 3066 certe

128 3131 192 3174 non
207 3108 360 3192 Nigidius
381 3107 541 3172 attiderat.
579 3129 684 3192 neque
705 3131 744 3172 ea
758 3107 882 3192 Nigidii
902 3129 971 3170 esse
992 3116 1136 3192 possunt,
1157 3128 1241 3191 quae
1260 3105 1385 3170 Nonius
1405 3128 1435 3192 p.
1453 3107 1526 3190 305,

130 3211 171 3276 23
195 3233 266 3298 sqq.
289 3211 427 3297 profert:
458 3212 569 3277 ‘Fama
592 3220 641 3276 est
662 3235 774 3277 rursus
797 3211 944 3292 infamia;
972 3211 1059 3276 unde
1086 3219 1118 3274 et
1144 3210 1303 3275 famosum
1330 3210 1453 3275 dictum
1479 3221 1528 3276 est

129 3317 269 3382 infame'.
315 3338 391 3380 nam
421 3316 606 3403 exemplum
633 3319 823 3403 proponitur
849 3339 892 3379 ex
914 3315 1071 3380 Aeneidis
1097 3314 1117 3380 l.
1134 3314 1211 3380 ΠΠ.
1232 3337 1352 3400 neque,
1380 3315 1414 3379 id
1441 3316 1527 3400 quod
1599 3351 1602 3355 ²

129 3422 261 3506 gravius
284 3430 342 3504 est,
366 3422 438 3506 ipsa
461 3420 634 3506 explicatio
657 3420 699 3484 ad
721 3421 931 3505 Nigidianam
955 3419 1102 3505 quadrat.

230 3525 369 3590 Restant
399 3526 497 3610 igitur
527 3533 591 3589 tres
621 3525 684 3590 loci
711 3526 865 3607 Noniani,
897 3547 978 3611 quos
1007 3547 1028 3589 a
1054 3523 1184 3608 Nigidio
1214 3524 1375 3609 profectos
1405 3545 1475 3586 esse
1507 3547 1526 3586 a

128 3629 356 3714 probabilitate
372 3651 434 3694 nou
450 3628 616 3694 abhorret:
632 3651 664 3714 p.
682 3629 733 3711 28,
753 3630 797 3694 24
818 3629 1022 3715 ‘Mulierosi1)
1039 3629 1117 3693 dicti
1132 3628 1303 3692 mulierum
1323 3636 1523 3713 appetentes.

129 3734 282 3799 Afranius
313 3733 469 3818 Vopisco:
507 3733 622 3798 ‘Homo
652 3733 841 3799 mulierosus
877 3733 1001 3798 confert
1034 3733 1096 3797 alio
1132 3755 1184 3797 me
1219 3733 1317 3814 ilico'3
1348 3755 1381 3816 p.
1403 3732 1455 3809 21,
1479 3733 1522 3796 30

131 3837 274 3903 ‘Virosae
302 3839 452 3902 mulieres
483 3837 635 3902 dicuntur
663 3839 806 3902 virorum
836 3847 1028 3923 appetentes
1058 3837 1110 3901 vel
1140 3837 1334 3901 luxuriosae.
1380 3836 1525 3900 Lucilius

130 3944 298 4007 satirarum
320 3942 376 4007 lib.
393 3941 483 4007 VIL:
509 3943 613 4006 ‘Dixit
643 3942 686 4006 ad
715 3943 911 4029 principium
940 3945 1049 4007 venio:
1082 3941 1226 4007 vetulam
1257 3950 1354 4027 atque
1382 3944 1524 4006 virosam

133 4044 296 4128 'Uxorem
323 4045 437 4111 cedam
463 4048 585 4132 potius,
616 4069 714 4133 quam
742 4056 881 4112 castrem
907 4055 1034 4131 egomet
1061 4047 1133 4111 me'
1178 4045 1334 4110 Afranius
1360 4046 1523 4111 Divortio:

232 4222 252 4286 ¹)
271 4223 346 4272 idem
369 4223 481 4273 verbum
504 4224 532 4271 in
555 4223 704 4289 fragmento
717 4223 821 4290 Nigidii
837 4223 908 4289 apud
927 4223 995 4274 Geli.
1015 4223 1114 4286 1111,9‚
1134 4225 1149 4272 2
1168 4227 1272 4272 servato
1291 4228 1524 4283 commemoratur;

131 4309 220 4372 itaque
237 4309 271 4359 de
293 4310 344 4358 hoc
366 4309 426 4359 loco
444 4309 603 4360 Mercklinio
628 4326 681 4360 non
704 4327 763 4360 sum
786 4310 940 4373 oblocutus,
963 4326 1126 4377 quamquam
1144 4311 1175 4360 P.
1194 4309 1356 4360 Schmidtius
1375 4311 1425 4360 ‘De
1443 4310 1523 4359 Nonii

130 4402 197 4446 auct.
215 4397 335 4462 gramm'
353 4413 378 4462 p.
396 4399 429 4446 96
457 4413 550 4463 parum
574 4403 652 4447 caute
675 4397 739 4447 dicit
763 4397 882 4448 Gellium
905 4396 922 4447 l.
941 4414 963 4446 c.
982 4400 1020 4448 ita
1044 4398 1077 4447 de
1100 4398 1192 4447 eodem
1215 4396 1297 4446 verbo
1321 4397 1468 4461 disputare,
1493 4403 1523 4446 ut

131 4481 203 4534 nulla
221 4481 281 4534 cuin
299 4483 388 4535 Nonio
405 4484 533 4550 adpareat
551 4487 711 4535 communio.
748 4489 821 4536 certe
844 4485 962 4535 notanda
984 4490 1025 4536 est
1042 4485 1121 4534 huius
1144 4484 1197 4534 loci
1215 4484 1333 4534 Noniani
1358 4490 1385 4533 et
1403 4484 1522 4545 alterius,

133 4571 205 4621 cuius
222 4571 321 4622 lemma
339 4577 380 4624 cst
398 4573 535 4636 ‘Virosa0'‚
555 4572 701 4623 similitudo
720 4587 826 4638 magna,
844 4573 889 4621 vix
908 4573 982 4622 casui
1001 4571 1148 4622 tribuenda.
