3225 5092
1445 221 1485 284 47

93 407 242 493 disponit.
280 405 369 491 quod
390 414 421 470 et
441 405 553 470 sedulo
573 406 721 471 videmus
743 407 933 473 observasse
954 411 1101 495 antiquos
1121 409 1382 494 genethlialogos.
1412 434 1489 476 nam

92 514 226 589 1111111
243 533 373 597 semper
388 511 556 597 adponunt
572 513 606 576 in
621 512 731 596 genesi
748 514 980 599 componenda.
1016 514 1140 578 nullum
1160 515 1280 600 quippe
1300 513 1368 579 fere
1383 537 1489 580 exem-

91 615 180 700 plum
197 617 366 699 geniturae
383 615 470 700 apud
483 615 655 680 Valentem
671 619 869 702 proponitur,
886 619 963 702 quin
979 620 1077 682 etiam
1092 617 1299 683 adscribatur
1313 628 1369 682 aut
1383 627 1488 702 πρῶτον

90 722 254 797 1111111111
274 721 397 802 δεύτερον
421 730 477 784 111
496 725 622 802 τέταρτον
646 743 747 806 usque
768 722 811 786 ad
832 723 969 800 ἕβδομον.1
1004 723 1132 787 accedit
1156 723 1306 809 denique,
1335 724 1422 810 quod
1445 724 1487 788 ad

91 822 250 908 Scaligeri
270 825 520 909 explicationem
542 846 582 889 ne
606 824 768 911 quadrare
785 827 917 912 quidem
938 828 1091 892 videntur
1116 850 1164 910 ea,
1185 850 1268 912 quae
1288 828 1374 914 apud
1395 828 1487 893 Serv.

90 929 175 992 Dan.
195 928 238 992 ad
256 927 376 1012 Georg.
389 928 414 1006 I,
428 929 471 992 43
488 951 530 992 ex
551 927 708 1014 ‘Sphaera
728 929 941 995 Graecanica'
962 932 995 995 11
1015 934 1202 996 universum
1225 931 1266 995 de
1286 935 1488 1018 aequinoctio

91 1033 217 1097 vernali
234 1033 451 1119 proferuntur,
469 1041 508 1116 et,
526 1056 608 1118 quae
623 1033 701 1098 ibid.
718 1033 760 1099 ad
778 1034 897 1119 Georg.
910 1034 937 1118 Ι,
952 1035 991 1098 19
1007 1058 1050 1098 ex
1066 1035 1221 1121 ‘Sphaera
1236 1035 1417 1102 barbarica'
1434 1037 1488 1102 ad-

90 1146 253 1216 notantur,
271 1160 355 1222 quae
367 1160 431 1202 non
443 1138 486 1202 ad
499 1139 641 1203 siderum
654 1148 757 1204 ortum
771 1139 823 1204 vel
835 1162 997 1222 occasum,
1010 1140 1068 1204 sed
1079 1139 1122 1204 ad
1134 1141 1317 1225 generalem
1331 1141 1487 1226 sphaerae

89 1242 342 1327 descriptionem
357 1244 520 1326 pertinere
536 1243 696 1309 videntur.
706 1244 728 1330 ¹)
1433 1258 1435 1262 '

193 1347 306 1412 Falsos
322 1357 431 1412 autem
446 1347 648 1432 Scaligerum
664 1358 696 1412 et
711 1347 906 1413 Salmasium
922 1371 959 1412 eo
976 1371 1045 1412 esse
1066 1351 1224 1432 existim0,
1246 1350 1332 1435 quod
1352 1360 1488 1437 uterque

88 1451 213 1534 Nigidii
237 1473 317 1536 opus
341 1473 418 1517 vere
441 1456 707 1536 astronomicum,
735 1477 800 1518 non
828 1455 925 1518 etiam
955 1454 1184 1538 astrologicum
1206 1454 1306 1518 fuisse
1328 1454 1489 1539 putabant

89 1556 227 1640 ideoque
252 1556 446 1622 contendere
475 1581 540 1622 non
563 1558 760 1623 dubitabant
785 1559 909 1644 Nigidii
934 1556 1123 1644 ‘Sphaeram
1153 1559 1367 1623 barbaricam'
1392 1559 1488 1622 1111111

89 1661 189 1724 fuisse
202 1669 300 1746 atque
310 1663 542 1746 astrologorum
551 1685 634 1746 eam,
647 1686 730 1750 quae
744 1663 833 1748 apud
840 1665 1014 1728 Firmicum
1023 1662 1207 1726 Maternum
1217 1663 1352 1728 Mathes.
1362 1664 1382 1727 l.
1394 1663 1486 1729 VIII.

90 1766 220 1851 proprie
237 1768 283 1828 sic
300 1767 398 1852 audit,
417 1789 574 1854 quaeque,
596 1791 792 1853 quamquam
807 1791 872 1832 non
887 1768 948 1832 hoc
964 1769 1094 1833 nomine
1110 1768 1300 1854 adpellatur,
1320 1770 1384 1832 iam
1400 1768 1488 1853 apud
1591 1812 1593 1816 ,

91 1869 265 1934 Manilium
288 1869 503 1937 Astronomic.
524 1873 543 1936 l.
567 1873 607 1937 V.
628 1877 801 1938 invenitur.
840 1876 937 1938 immo
966 1894 1040 1936 cum
1067 1871 1214 1956 Scaliger
1242 1873 1439 1957 ‘Sphaeram'
1469 1896 1488 1936 1

92 1973 278 2038 differentia
295 1975 430 2040 climatis
446 1977 653 2062 Aegyptiaci,
671 1978 713 2041 ad
729 1979 820 2042 ouius
836 1978 1062 2063 phaenomena
1077 1979 1263 2061 pertineret,
1284 1977 1489 2042 barbaricam

90 2077 223 2163 dictam,
240 2078 298 2142 sed
313 2103 383 2146 rem
398 2082 503 2166 ipsam
515 2091 629 2167 postea
645 2082 686 2147 ab
699 2082 868 2167 astrologis
884 2090 1041 2147 mutatam
1058 2103 1127 2145 esse
1142 2090 1296 2166 putasset,
1313 2080 1489 2146 Salmasius

89 2207 197 2271 neque
223 2207 294 2249 rem
320 2207 425 2270 neque
453 2188 590 2250 nominis
621 2189 780 2251 rationem
804 2186 893 2272 apud
916 2185 1093 2270 astrologos
1123 2185 1260 2250 eandem
1282 2195 1378 2271 atquc
1401 2186 1488 2271 apud

91 2290 259 2373 Nigidium
279 2312 349 2354 esse
372 2291 546 2355 arbitratus
568 2300 625 2356 est.
658 2313 846 2376 perversam
867 2294 951 2355 enim
973 2291 995 2356 l.
1013 2313 1041 2355 c.
1060 2312 1090 2376 p.
1107 2290 1172 2355 590
1187 2313 1234 2376 sq.
1251 2291 1383 2376 protulit
1403 2290 1488 2355 hanc
1582 2332 1585 2338 ,
1607 2370 1608 2377 ἵ

92 2397 289 2478 opinionem:
321 2418 341 2458 1
369 2397 556 2479 posterioris
587 2398 701 2460 1111111
732 2395 902 2478 astrologis
927 2395 1117 2482 ‘Sphaeram
1144 2394 1358 2460 barbaricam’
1388 2435 1429 2443 —
1453 2404 1490 2458 ut

92 2499 172 2562 haec
193 2521 261 2563 vox
278 2509 348 2563 tum
370 2502 452 2564 sumi
473 2499 565 2564 solita
585 2499 709 2586 esset,²)
730 2537 772 2547 -
789 2500 910 2564 dictam
926 2522 1007 2582 esse,
1028 2501 1104 2585 quia
1124 2497 1207 2563 solas
1227 2501 1261 2563 in
1282 2522 1321 2564 ea
1337 2497 1490 2583 μορφώσεις

91 2604 143 2666 vel
159 2606 193 2664 τὰ
208 2601 293 2685 ζῴδια
309 2603 340 2678 ἐξ
356 2607 694 2688 ἀστέρ111μεμορφωμένα
710 2605 751 2669 ad
768 2606 988 2688 geniturarum
1000 2603 1069 2668 fata
1084 2604 1302 2689 praedicenda
1313 2605 1488 2689 genethlia-

92 2730 149 2772 cus
170 2707 454 2794 contemplaretur.
493 2709 551 2773 sed
572 2710 706 2773 Firmici
727 2709 876 2795 ‘sphaera
895 2709 1078 2774 barbarica'
1100 2731 1183 2793 quae
1204 2711 1254 2790 sit,
1281 2708 1487 2773 manifestum

91 2823 148 2876 est.
182 2835 257 2877 cum
272 2815 357 2877 enim
374 2836 473 2877 unum
490 2835 591 2897 genus
607 2812 798 2898 astrologiae
815 2816 863 2892 sit,
886 2835 982 2898 quoe
998 2813 1202 2899 planetarum
1217 2816 1300 2878 inter
1315 2836 1349 2877 11
1365 2816 1487 2878 ratione

91 2938 267 3002 eorumque
294 2920 327 2981 in
354 2916 432 2982 orbe
459 2919 610 3002 signifero
637 2920 699 2982 situ
728 2920 932 2983 coniecturae
962 2918 1057 3001 fiunt,
1089 2915 1227 2981 alterum
1252 2940 1369 3002 genus,
1402 2918 1488 3004 quod

9 3023 12 3030 ’
92 3021 275 3107 ‘sphaeram
294 3021 509 3086 barbaricam'
526 3023 686 3087 Firmious
707 3022 913 3108 adpellat,.in
934 3022 1008 3086 solis
1029 3021 1128 3085 stellis
1149 3022 1234 3105 fixis,
1253 3045 1318 3087 non
1339 3024 1434 3087 etiam
1454 3025 1507 3106 in,

91 3126 288 3210 vagantibus
309 3126 350 3191 ad
375 3126 572 3211 colligendas
593 3127 759 3191 hominum
785 3127 939 3212 ‘geneses’
966 3125 1176 3191 observandis
1201 3137 1358 3191 versatur.
1393 3127 1487 3192 huius

91 3230 179 3315 apud
199 3230 378 3330 Firmicum
399 3232 531 3316 quidem
551 3241 617 3295 tres
638 3242 712 3297 sunt
731 3241 855 3319 partes,
877 3255 1013 3319 quarum
1033 3234 1152 3318 prima,
1179 3255 1262 3318 quae
1283 3235 1380 3297 etiam
1399 3232 1487 3319 apud

90 3333 261 3398 Manilium
277 3334 296 3398 l.
311 3335 351 3398 V.
364 3345 480 3417 exstat,
502 3339 589 3400 11111
605 3336 692 3402 11111
709 3336 824 3419 sidera,
845 3358 928 3422 quae
945 3359 1019 3401 cum
1034 3337 1141 3422 aliquo
1157 3338 1248 3420 signo
1268 3346 1324 3402 aut
1343 3338 1488 3401 oriuntur

91 3449 148 3502 ant
164 3439 325 3517 occidunt,
347 3450 503 3523 versatur,
524 3441 625 3506 altera
642 3441 784 3525 singulas
801 3443 963 3524 signorum
979 3449 1097 3526 partes,
1114 3443 1297 3524 μονομοιρίας,
1318 3451 1488 3524 scrutatur,

91 3564 190 3626 quam
212 3543 472 3628 ‘Myriogenesin'
493 3546 652 3610 Firminus
673 3555 782 3628 vocat,
804 3548 898 3610 tertia
920 3567 973 3610 eas
993 3553 1112 3608 tractat
1132 3544 1255 3627 stellas,
1278 3567 1360 3630 quae
1382 3545 1488 3609 clarae

92 3647 215 3710 suntin
231 3648 419 3732 corporibus
435 3671 545 3715 eorum
562 3652 726 3735 signorum
741 3659 808 3714 tam
824 3649 1078 3714 zodiacicirculi
1094 3671 1190 3734 quam
1206 3658 1302 3713 extra
1317 3672 1400 3714 eum.

194 3751 392 3816 Barbaricas
404 3739 512 3818 autem
520 3755 710 3819 attributum
718 3753 806 3840 apud
813 3755 989 3819 Firmicum
998 3753 1084 3817 idem
1097 3777 1168 3817 esse
1175 3762 1272 3839 atque
1279 3752 1488 3839 Aegyptiam,

92 3878 166 3919 oum
182 3856 273 3942 apud
287 3856 377 3922 illum
397 3857 570 3923 barbarica
587 3861 670 3924 ratio
691 3869 776 3923 esset
790 3858 966 3944 Aegyptia,
986 3859 1071 3924 bene
1087 3856 1232 3942 Scaliger
1251 3859 1488 3937 animadvertit,

198 3997 221 4062 ¹)
233 3997 309 4048 Haec
322 3998 472 4064 fragmenta
482 3999 612 4066 Scaligeri
624 4003 774 4051 sententiae
784 4016 840 4050 non
849 4000 1009 4064 respondere
1018 3999 1192 4065 Rcehrigium
1202 4000 1220 4048 1.
1231 4016 1252 4049 e.
1263 4017 1288 4064 p.
1299 4002 1332 4048 56
1343 4016 1398 4050 non
1406 4000 1488 4066 iugit3

91 4084 137 4134 sed
159 4084 351 4134 nihilominus
373 4101 497 4136 noscam
519 4092 550 4136 nt
570 4089 732 4153 accipiamus
753 4088 815 4152 cogi
836 4087 908 4136 dicit.
932 4087 1005 4152 quod
1026 4102 1073 4136 cur
1090 4087 1311 4152 pronuntiaverit,
1332 4087 1413 4152 plane
1433 4103 1488 4136 non

90 4171 230 4237 intellego.

196 4259 219 4324 ²)
232 4259 343 4309 Confert
356 4260 501 4310 Salmasius
514 4262 701 4313 ‘barbaricarii'
716 4277 809 4312 vocem
823 4264 936 4325 eiusque
949 4260 1156 4327 explicationem
1169 4261 1349 4310 Donatianam
1362 4260 1396 4310 ad
1408 4261 1489 4326 Verg.

90 4345 157 4396 Aen.
172 4347 220 4409 XI,
236 4348 294 4407 177,
308 4347 355 4397 ubi
372 4349 544 4400 barbarioarii
566 4365 622 4400 esse
645 4351 778 4412 dicuntur,
797 4351 844 4415 qui
861 4348 1028 4409 ί1111111111,
1047 4349 1065 4398 1.
1080 4363 1103 4398 e.
1120 4354 1278 4398 ornamenta
1294 4364 1327 4398 ex
1345 4363 1409 4397 auro
1427 4364 1488 4397 con·

90 4432 211 4483 licerent.
240 4434 288 4484 sed
304 4449 402 4486 nomen
418 4437 505 4501 ipsum
526 4437 709 4488 ‘barbaricum'
726 4437 795 4486 nihil
812 4436 888 4486 aliud
904 4435 1044 4501 signifieat,
1062 4451 1141 4500 quam
1159 4452 1225 4500 opus
1241 4435 1400 4501 Phrygium,
1417 4435 1489 4500 quod

90 4535 154 4572 sane
168 4527 228 4571 erat
239 4521 391 4587 figuratum.
422 4537 511 4589 neque
520 4525 543 4574 si
554 4524 723 4575 barbaricum
735 4525 806 4574 hanc
818 4523 926 4589 figurati
939 4525 993 4573 vim
1006 4522 1144 4585 induisset,
1157 4522 1215 4572 sola
1227 4523 1365 4572 barbarica
1376 4522 1490 4588 sphaera

89 4610 198 4675 proprie
211 4609 250 4660 sic
263 4608 393 4674 adpellari
404 4613 501 4676 potuit,
518 4627 579 4662 cum
593 4614 674 4662 etiarn
687 4612 853 4663 Graecanica
864 4617 942 4680 signa
954 4610 1060 4659 zodiaci
1074 4612 1232 4660 contineret.
