3225 5092
37 299 38 304 Ν
159 212 226 279 aa*

37 409 38 476 ζ
158 409 281 492 dictati,
298 411 472 478 ‘laboribus
487 412 636 479 liberare’
654 415 778 502 ahquos
795 417 978 482 ‘studuisse'
994 417 1167 503 putemus?
1183 417 1323 500 minime,
1340 413 1398 480 sed
1413 425 1481 480 tum
1496 418 1547 480 ‘in-

160 515 340 580 stituerunt'
358 517 424 604 (sie
440 520 581 582 orechten
597 543 627 584 es
642 521 702 584 sich
717 543 774 584 aar
786 521 958 608 Aafpahe')
973 523 1021 604 iis,
1044 523 1099 606 qui
1114 521 1382 608 periclitarentur,
1398 520 1549 586 auxilium

159 619 252 684 ferre.
289 624 354 687 iam
373 621 477 699 vides,
499 623 576 708 quid
598 625 804 690 statuendum
825 647 989 691 censeam:
1011 649 1094 711 quae
1109 627 1298 711 Breysigius
1318 624 1494 706 damnavit,
1513 648 1550 689 ea

158 746 216 809 pro
226 729 381 811 genuinis,
391 750 474 813 quae
483 728 681 812 illeretinuit,
690 752 748 815 pro
757 731 874 816 spuriis
883 730 1125 796 sunthabenda.
1139 728 1226 816 quod
1235 731 1262 794 si
1270 731 1450 814 statuimus,
1460 730 1550 793 simul

159 831 1550 921 offensiotollitur,quaeestinvoce‘laboribus'postantecedentia‘laboribustempesta·

158 934 459 1020 tibusque'moleste
467 940 614 1023 repetita,
624 941 715 1023 quasi
726 939 861 1004 nonalia
869 936 1428 1024 eiusdemsignificationisvocabula
1437 946 1549 1002 essent.

260 1041 479 1106 Buechelerus
505 1042 525 1107 l.
550 1065 577 1106 c.
601 1066 632 1128 p.
659 1043 718 1107 187
750 1043 832 1108 haec
865 1045 961 1109 dixit:
993 1043 1221 1108 ‘Ioabesondero
1251 1045 1305 1105 hot
1331 1042 1387 1106 der
1413 1041 1551 1105 Kritilser

157 1145 232 1208 noch
264 1145 395 1208 einzeloe
423 1145 545 1211 Wo'rter
574 1148 628 1211 der
657 1148 836 1234 Nipt‘diono
860 1171 896 1210 aa
920 1147 1116 1232 haschtipea,
1140 1148 1173 1210 ia
1198 1145 1333 1209 walchem
1360 1145 1480 1210 Psokte
1506 1146 1552 1208 aa

157 1271 215 1313 corr
223 1249 353 1336 Brepsip
368 1252 446 1314 nicht
457 1251 516 1316 niel
527 1252 660 1336 peleistet
671 1253 757 1317 seha'
775 1252 857 1316 hacc
869 1252 981 1334 verba,
995 1275 1078 1338 quae
1090 1251 1131 1316 de
1143 1251 1306 1336 Breysigii
1318 1250 1550 1332 dissertatione,

158 1376 222 1439 qua
241 1353 293 1419 ille
309 1355 429 1440 Nigidii
445 1357 626 1440 fragmenta
642 1359 857 1423 astronomica
873 1357 1011 1441 collegit,
1032 1355 1253 1421 Buechelerus
1268 1354 1360 1438 dixit,
1381 1377 1468 1418 nunc
1483 1365 1554 1439 post

157 1459 404 1544 Eyssenhardtii
424 1470 456 1524 et
475 1463 630 1526 maiorem
650 1463 814 1547 Breysigii
837 1461 1009 1526 editionem
1031 1470 1129 1546 atque
1151 1470 1225 1546 post
1244 1462 1343 1545 ipsius
1363 1457 1554 1525 Buecheleri

157 1564 357 1650 aliorumque
374 1587 467 1630 curas
483 1567 547 1630 iam
563 1589 628 1631 non
643 1565 744 1648 idem,
766 1566 854 1653 quod
869 1575 947 1648 tum,
968 1564 1087 1630 valent.
1119 1573 1263 1629 attamen
1277 1563 1365 1627 haud
1380 1585 1492 1649 pauca·
1501 1563 1553 1626 ad-

158 1666 222 1732 huc
234 1668 335 1733 verba
346 1670 379 1734 in
391 1669 440 1734 his
454 1670 581 1735 scholiis
593 1670 706 1735 relicta
719 1693 790 1734 esse
803 1668 995 1754 corrigenda
1007 1670 1227 1735 demonstrare
1239 1689 1334 1754 posse
1346 1666 1424 1732 mihi
1432 1667 1553 1731 videor.

160 1772 260 1837 veluti
275 1775 418 1840 nondum
435 1783 548 1840 sanata
564 1785 646 1860 sunt,
668 1798 750 1860 quae
767 1796 799 1860 p.
814 1775 865 1857 63,
886 1774 923 1837 17
940 1775 1101 1858 leguntur,
1123 1774 1170 1837 sic
1185 1772 1318 1837 tradita:
1340 1771 1486 1857 ‘hospitio
1503 1772 1554 1835 da-

157 1877 230 1961 psili
246 1881 438 1964 copiosoque
454 1880 586 1944 adfectu
601 1881 750 1964 praedito
765 1879 930 1944 hilaritate
954 1879 1001 1964 (in
1024 1879 1197 1964 hylaritate
1217 1877 1262 1962 U)
1284 1876 1472 1940 constitisse'
1495 1875 1555 1961 (sc.

157 1981 269 2046 Iovem
285 2005 358 2047 cum
375 1984 490 2049 ceteris
505 1983 753 2070 immortalibus)
771 1987 815 2048 ‘in
830 2007 894 2047 uno
909 1983 1004 2047 loco'.
1037 1981 1313 2068 Eyssenhardtius
1328 2003 1387 2067 pro
1404 1979 1555 2044 ‘adfectu’

161 2087 327 2152 ‘adfectos'
345 2090 484 2174 scripsit,
506 2088 671 2174 ‘praedito'
692 2097 858 2173 tamquam
880 2088 1109 2173 interpolatum
1130 2085 1229 2151 deleri
1250 2086 1350 2150 iussit.
1383 2084 1441 2148 sed
1461 2086 1556 2147 inter-

157 2191 325 2276 polationis
338 2194 405 2256 eius
417 2194 498 2257 ratio
509 2194 568 2257 vix
579 2193 785 2276 intellegitur.
814 2214 878 2278 qua
889 2213 924 2256 re
938 2200 1114 2257 commotus
1126 2189 1341 2273 Kiesslingius
1353 2189 1437 2252 Mus.
1452 2187 1556 2253 Rhen.

157 2306 179 2360 t.
192 2296 321 2379 XXIII,
333 2321 364 2384 p.
377 2296 441 2361 223
458 2307 649 2362 cunctanter
662 2320 738 2362 sane
750 2299 916 2383 proposuit
928 2295 1065 2382 ‘perdita
1077 2295 1259 2377 hilaritate’,
1276 2316 1360 2379 quae
1373 2296 1561 2358 coniectura

158 2423 253 2466 sensu
282 2423 374 2466 cassa
405 2402 606 2466 refutationis
638 2425 703 2467 non
734 2401 867 2486 indiget.
910 2421 1016 2486 neque
1048 2402 1177 2464 omnino
1210 2401 1368 2485 ‘copiosus
1397 2398 1557 2464 adfectus’

157 2506 322 2572 offendere
337 2530 397 2573 nos
414 2507 522 2590 debet,
543 2507 601 2572 sed
620 2509 726 2593 potius
744 2507 911 2592 ‘praedito'
928 2508 961 2569 in
981 2506 1144 2592 participii
1163 2504 1298 2569 alicuius
1313 2504 1449 2568 formam
1465 2504 1561 2567 corri-

157 2611 300 2695 gendum
319 2621 378 2696 est,
400 2612 486 2697 quod
503 2621 576 2698 apte
593 2633 666 2676 cum
684 2611 832 2697 ‘hospitio
848 2609 963 2696 dapsili
976 2611 1168 2696 copiosoque
1181 2609 1322 2674 adfectu'
1336 2610 1559 2692 coniungatur.

37 2781 39 2792 ,
156 2716 190 2780 id
211 2716 296 2800 quod
316 2740 381 2781 non
402 2717 488 2781 cadit
509 2718 543 2780 in
559 2716 722 2801 Brsysigii
745 2714 938 2800 ‘praeditos'.
975 2716 1082 2798 itaque
1105 2716 1139 2777 in
1162 2712 1328 2798 ‘praedito'
1352 2712 1453 2777 latere
1476 2711 1558 2774 mihi

159 2820 288 2884 videtur
305 2822 489 2906 ‘praestit0',
505 2829 541 2885 ut
556 2823 714 2885 sententia
729 2821 811 2885 haec
828 2821 881 2883 sit:
899 2820 997 2900 ‘deos
1015 2841 1089 2883 cum
1101 2819 1245 2903 Hyrieus
1261 2840 1321 2881 rex
1332 2818 1370 2880 iis
1381 2817 1559 2903 hospitium

158 2925 280 3011 dapsile
298 2929 525 3012 copiosumque
542 2925 707 2991 adfectum
719 2926 943 3010 praestitisset,
963 2922 1124 2988 hilaritate
1141 2923 1321 2987 constitisse
1336 2923 1370 2985 in
1384 2943 1449 2985 uno
1464 2919 1558 2985 loce.y

158 3051 239 3113 quae
255 3053 286 3114 p.
301 3031 352 3112 69,
367 3031 407 3095 13
421 3052 489 3118 sqq.
503 3031 662 3115 leguntur,
680 3052 719 3094 ea
733 3031 767 3093 in
783 3029 877 3094 codd.
891 3029 957 3092 BP
974 3029 1020 3114 (in
1033 3027 1056 3092 S
1068 3028 1099 3093 U
1112 3026 1243 3114 desunt)
1260 3028 1306 3091 sic
1319 3035 1393 3090 sunt
1405 3036 1558 3090 exarata:

37 3129 40 3142 ¹
159 3141 242 3197 ‘sunt
262 3136 317 3220 qui
340 3133 453 3199 dicunt
473 3133 638 3198 herculem
658 3133 821 3198 thesbium
838 3132 1012 3217 (‘tesbium'
1027 3131 1069 3218 P)
1086 3134 1141 3218 qui
1161 3153 1232 3195 esse
1247 3132 1430 3216 genitorum
1446 3133 1561 3215 l‘geni-

157 3238 269 3302 torom’
289 3238 332 3325 B)
358 3241 514 3303 memoria
538 3237 694 3324 populum
718 3237 887 3324 possidere
909 3237 943 3301 hi
966 3236 1053 3322 quod
1074 3236 1132 3319 (td
1153 3235 1248 3320 quod'
1271 3236 1312 3320 P)
1333 3235 1396 3298 duo
1416 3237 1562 3299 maxime

158 3341 309 3407 dicuntur
324 3345 475 3407 artissimi
491 3343 675 3408 sodalitate.
688 3343 723 3406 ..'
755 3365 815 3428 pro
837 3341 1020 3406 ‘thesbium'
1037 3343 1102 3405 iam
1118 3340 1296 3404 Merkslius
1314 3338 1496 3404 ‘Theseum'
1514 3363 1563 3403 re-

158 3447 266 3511 stituit.
299 3448 355 3511 sed
376 3471 439 3513 non
458 3471 562 3534 aeque
581 3448 718 3512 feliciter
738 3447 922 3512 editoribus
936 3449 970 3510 in
991 3446 1123 3530 reliquis
1144 3444 1254 3509 verbis
1275 3443 1487 3508 emendandis
1508 3467 1564 3507 res

157 3552 290 3616 cessisse
311 3553 447 3617 videtur.
479 3552 755 3637 Eyssenhardtius
780 3553 868 3616 enim
888 3560 921 3614 et
939 3551 1130 3635 Breysigius
1150 3551 1184 3613 in
1200 3570 1238 3613 eo
1260 3557 1504 3629 consenserunt,
1526 3560 1566 3611 ut

158 3657 335 3721 scriberent
349 3657 431 3722 ‘ideo
444 3656 550 3743 quod',
564 3677 761 3741 quamquam
772 3655 901 3720 codices
913 3655 989 3719 huic
1002 3653 1149 3719 medelae
1161 3674 1345 3738 repugnare
1353 3652 1566 3717 manifestum

158 3771 216 3826 cst.
256 3765 282 3827 si
305 3765 391 3827 enim
415 3762 480 3827 ulla
502 3761 683 3825 Basileensi
706 3761 788 3825 fides
811 3770 860 3824 est
883 3758 1051 3842 habenda,
1075 3761 1217 3843 genuina
1244 3760 1403 3843 scriptura
1423 3764 1472 3819 est
1497 3757 1565 3837 ‘hi’,

156 3866 243 3930 unde
261 3866 302 3930 ‘h’
320 3866 427 3936 littera
442 3868 570 3946 omissa,
586 3865 620 3928 id
637 3864 722 3950 quod
741 3865 928 3949 saepissime
941 3864 1064 3928 factmn
1080 3872 1138 3944 est,
1154 3871 1288 3948 propter
1300 3883 1437 3946 sequens
1452 3860 1564 3946 ‘quod'

156 3970 238 4034 falsa
258 3971 352 4036 lectio
373 3972 425 4034 ‘id’
449 3979 518 4035 orta
539 3978 596 4032 est.
630 3991 703 4033 cum
723 3979 832 4034 autem
853 3967 1047 4032 infinitivum
1064 3967 1262 4053 ‘possidere',
1284 3968 1346 4030 nisi
1365 3967 1567 4029 necessitate

158 4077 311 4158 cogimur,
335 4077 368 4139 in
392 4075 613 4156 indicativum,
638 4096 735 4159 quem
759 4073 950 4158 Breysigius
973 4074 1095 4158 posuit,
1119 4081 1245 4137 mutare
1268 4069 1416 4151 nolimus,
1440 4069 1495 4133 ‘hi'
1522 4069 1568 4132 ad

157 4182 357 4244 enuntiatum
380 4179 607 4243 secundarium
627 4178 720 4244 nobis
744 4177 955 4242 referendum
979 4188 1011 4242 et
1036 4186 1110 4241 ante
1135 4198 1260 4240 comma
1280 4173 1469 4260 ponendum
1492 4174 1567 4238 erit.

157 4286 254 4348 etiam
273 4285 307 4347 in
324 4285 455 4370 reliquis
476 4282 681 4348 restituendis
702 4305 741 4346 ea
761 4285 886 4367 optima
914 4284 1070 4347 correctio
1091 4285 1152 4345 erit
1171 4279 1336 4361 habenda,
1361 4300 1444 4364 quac
1465 4299 1570 4362 quam

157 4390 305 4472 proxime
321 4388 363 4451 ab
381 4388 529 4474 apicibus
546 4388 696 4451 codicum
716 4386 851 4468 recedit,
872 4387 968 4450 modo
990 4409 1030 4450 ne
1050 4410 1078 4457 a,
1090 4386 1246 4449 sermonis
1261 4384 1371 4448 Latini
1390 4405 1453 4446 usu
1473 4391 1532 4445 aut
1549 4406 1572 4445 a

158 4495 315 4576 sententia
331 4515 410 4557 sana
426 4492 609 4557 abhorreat.
643 4492 683 4555 de
705 4492 865 4556 sententia
884 4500 993 4555 autem
1013 4490 1108 4554 huius
1128 4491 1191 4554 loci
1213 4488 1356 4553 dubitari
1375 4489 1500 4572 nequit.
1535 4497 1573 4550 at

158 4619 338 4662 sermonem
359 4619 432 4661 cum
453 4599 548 4661 nimis
564 4597 709 4682 angustis
726 4595 846 4660 linibus
862 4595 1166 4661 circumscriberent
1190 4594 1339 4675 editores,
1362 4601 1515 4677 uterque,
1538 4601 1574 4654 et
