3225 5092
12 364 15 426 l
113 400 169 462 mit
204 401 272 464 dem
296 401 477 466 Historilter
507 403 693 466 oanneehselt
723 403 864 466 66111663
915 425 1010 489 porro
1037 403 1256 468 Buechelerus
1294 404 1377 468 ‘Lat
1406 403 1508 469 Decl'

112 504 274 592 (61819)
297 529 329 592 p.
348 506 420 590 122,
444 506 518 571 adn.
537 507 556 572 3
580 507 682 590 hunc,
707 507 747 572 de
771 530 834 593 quo
857 509 994 592 agimus,
1017 506 1187 573 Sisennam
1210 518 1316 573 aetate
1339 508 1507 575 Hadriano

12 663 13 668 ,
111 609 301 676 inferiorem
323 611 423 676 fuisse
447 612 597 698 statuit.¹)
642 621 729 676 certe
752 635 809 678 suo
832 614 901 677 iure
925 611 1101 676 Teuffelius
1123 613 1196 677 hist.
1212 613 1271 677 litt.
1288 613 1381 676 Rom.
1398 635 1430 698 p.
1446 612 1506 675 241

12 787 13 792 ¹
113 712 179 798 (ed.
197 713 291 802 IIII.)
308 716 396 802 dicit,
414 719 609 803 quicumque
625 719 693 781 sine
710 719 858 803 opinione
878 717 1100 803 praeiudicata
1119 717 1227 782 locum
1246 716 1394 800 Charisii,
1414 739 1509 802 quem

12 895 13 908 ¹
112 840 211 904 supra
231 822 398 907 exscripsi,
422 844 454 906 p.
471 821 545 903 221,
569 821 729 905 Slegerit,
753 844 818 885 non
837 843 935 907 posse
955 844 1018 886 non
1038 821 1235 905 intellegere,
1257 823 1322 885 iam
1342 820 1509 886 Sisennam

114 922 295 1006 Vergilium
324 927 516 1011 respexisse.
562 926 620 990 sed
644 928 809 990 mittamus
832 927 914 991 haec
939 934 1036 1011 atque
1065 928 1144 1011 ipsis
1174 925 1271 990 Nonii
1301 936 1333 990 et
1355 925 1509 991 Sisennae

112 1027 191 1092 locis
207 1031 291 1092 inter
307 1053 342 1100 se
359 1032 551 1116 comparatis
568 1030 788 1114 exploremus,
808 1053 887 1095 num
902 1030 970 1115 ille,
992 1030 1060 1115 vel,
1075 1041 1112 1094 ut
1126 1033 1246 1096 rectius
1262 1031 1382 1113 dicam,
1399 1039 1510 1095 auctor

111 1132 204 1215 illius,
226 1133 302 1198 huic
323 1157 382 1198 sua
402 1134 523 1199 debere
543 1137 654 1220 possit.
687 1158 762 1200 nam
781 1135 843 1199 hoc
863 1135 958 1200 modo
979 1134 1060 1200 duas
1081 1135 1175 1199 simul
1195 1157 1247 1199 res
1262 1157 1314 1200 me
1330 1135 1509 1199 evicturum

112 1259 183 1302 esse
214 1261 323 1324 spero:
352 1261 457 1324 neque
481 1239 665 1321 Sisennam,
696 1241 764 1302 sive
791 1239 846 1303 ille
872 1238 1059 1320 historicus,
1088 1241 1157 1303 sive
1184 1242 1368 1326 posterioris
1396 1242 1509 1304 aetatis

111 1328 343 1426 grammaticus
364 1344 436 1424 fuit,
459 1343 556 1408 Nonii
579 1343 701 1407 fontem
725 1365 795 1406 esse
819 1345 971 1428 potuisse,
997 1353 1030 1407 61
1053 1343 1171 1408 falsum
1194 1367 1265 1408 esse
1287 1342 1508 1426 Ritsehelium,

114 1467 188 1512 cum
204 1447 289 1511 hunc
306 1448 477 1514 Sisennam
492 1458 636 1512 veterem
651 1470 758 1512 rerum
776 1448 967 1532 scriptorem
983 1470 1053 1511 esse
1070 1471 1107 1511 eo
1124 1448 1335 1535 comprobare
1354 1449 1507 1532 studeret,

111 1552 196 1635 quod
215 1554 300 1617 inter
320 1555 461 1638 quinque
483 1552 638 1617 Sisennae
658 1551 811 1638 reliquias
831 1553 919 1636 apud
940 1552 1123 1617 Charisium
1144 1562 1288 1617 servatas
1308 1561 1508 1637 1166666611,

113 1655 229 1740 quibus
268 1657 310 1721 de
348 1657 512 1724 adverbiis
546 1661 578 1722 in
609 1659 673 1722 ‘im'
710 1659 904 1724 exeuntibus
941 1667 1107 1743 ageretur,
1142 1681 1225 1744 quae
1257 1657 1296 1720 L.
1325 1657 1510 1723 Cornelium

114 1758 285 1825 Sisennam
306 1763 339 1826 in
361 1762 495 1828 historia
517 1787 576 1829 sua
597 1763 766 1830 adamasse
788 1763 914 1828 Gellius
936 1764 1013 1847 XII,
1039 1763 1078 1828 15
1101 1772 1220 1828 narrat.

215 1883 324 1969 Atque
340 1907 379 1948 ea
395 1908 482 1970 saue,
504 1907 586 1970 quae
607 1885 694 1970 apud
709 1884 852 1949 Nonium
871 1908 903 1971 p.
922 1885 993 1968 179,
1015 1886 1056 1950 30
1076 1885 1237 1968 leguntur,
1257 1886 1302 1949 ita
1323 1894 1508 1970 comparata

110 1996 198 2069 sunt,
225 1997 263 2051 ut
289 1989 322 2053 in
349 1991 387 2053 iis
411 1991 566 2055 Sisennae
594 1990 696 2055 verba
723 1991 756 2055 in
783 1989 918 2054 brevius
949 2000 1115 2054 contracta
1143 2011 1213 2054 esse
1241 1990 1345 2054 videri
1372 1991 1506 2075 possint.

110 2090 167 2154 sed
190 2113 395 2178 nequaquam
418 2094 451 2159 id
473 2097 506 2158 in
529 2094 669 2180 reliquos
691 2094 778 2159 loeos
797 2093 963 2158 Nonianos
987 2095 1083 2159 eadit.
1121 2097 1218 2158 immo
1241 2093 1335 2158 verbi
1360 2093 1506 2158 ‘tractim’

110 2193 299 2280 explicatio,
327 2220 409 2282 quae
437 2198 526 2284 apud
548 2197 689 2263 Nonium
717 2200 848 2283 legitur:
878 2203 923 2262 ‘ut
945 2200 1079 2280 sensim,
1110 2198 1144 2262 id
1172 2207 1220 2262 661
1248 2198 1386 2279 diutine,
1414 2198 1509 2282 longo

110 2300 243 2384 traetu',
272 2312 304 2365 et
326 2301 463 2388 amplior
486 2313 518 2367 61
540 2303 653 2369 11161161
676 2313 738 2388 661,
770 2325 867 2388 quam
890 2297 1059 2369 Sisennae:
1090 2306 1159 2389 ‘pro
1182 2302 1293 2380 lente',
1317 2302 1404 2387 quod
1426 2302 1510 2366 male

110 2403 182 2467 loeo
210 2405 304 2470 verbi
333 2409 472 2471 ‘sensim’
503 2409 642 2495 positum
674 2428 744 2470 esse
776 2407 914 2471 videtur.
965 2407 1053 2492 quod
1084 2415 1193 2471 autem
1226 2405 1269 2469 ad
1300 2405 1388 2469 loeos
1414 2406 1510 2471 Nonii

111 2516 144 2570 et
167 2507 306 2573 Charisii
328 2513 458 2594 attinet,
488 2511 605 2596 quihus
629 2511 845 2576 ‘examussim'
871 2510 1068 2598 explicatur,
1096 2513 1263 2596 utriusque
1286 2511 1510 2595 explicationis

110 2611 247 2698 adparet
270 2623 301 2678 et
324 2637 498 2679 consensus
518 2617 552 2678 in
572 2615 673 2680 verbo
698 2615 902 2680 ‘examinate'
923 2617 993 2679 sive
1009 2615 1214 2679 ‘examinato'
1236 2623 1269 2678 et
1289 2615 1508 2700 discrepantia

12 2755 14 2758 -
110 2718 144 2780 in
173 2717 358 2784 definitione
386 2722 448 2804 rei,
479 2741 562 2804 quae
586 2719 742 2784 ‘amussis’
771 2718 903 2795 dicitur,
937 2741 1020 2805 quae
1047 2717 1231 2783 differentia
1260 2728 1350 2783 tanta
1379 2727 1441 2796 661,
1474 2729 1509 2781 ut

12 2829 13 2834 ’
110 2829 197 2884 16616
215 2843 289 2885 cum
305 2823 410 2887 Keilio
426 2824 528 2888 verba
545 2826 691 2888 ‘amussis
707 2834 816 2888 autem
893 2822 1013 2907 surgat’
1031 2844 1095 2886 non
1108 2823 1273 2905 Sisennae,
1290 2822 1348 2886 sed
1362 2821 1508 2886 Charisio

109 2923 176 3008 (vel
213 2926 294 2991 Iulio
329 2927 487 3013 Romano)
523 2928 661 3008 tribuas3
700 2927 928 2992 antecedentia
967 2936 1075 2990 autem
1110 2925 1264 2990 Sisennae
1299 2926 1401 2990 verba
1437 2929 1506 3011 ‘pro

109 3030 313 3112 examinato',
338 3034 365 3095 si
388 3055 461 3097 cum
479 3032 636 3096 Nonianis
660 3032 855 3096 ‘examinate
877 3031 920 3096 ad
942 3030 1089 3114 regulam
1104 3032 1157 3094 vel
1174 3031 1409 3114 coagmentum’
1435 3052 1508 3093 eon-

110 3131 207 3216 feras,
229 3135 456 3222 compendium
476 3137 633 3201 redolent.
666 3144 845 3221 praeterea,
871 3135 949 3200 dum
965 3135 1128 3200 Charisius
1144 3135 1300 3200 Sisennae
1316 3135 1359 3198 ad
1374 3134 1508 3221 Amphi-

108 3241 232 3303 truonis
246 3240 353 3305 locum
374 3241 614 3306 adnotationem
634 3240 823 3327 simpliciter
838 3240 947 3323 refert,
968 3241 1056 3326 apud
1071 3241 1211 3304 Nonium
1230 3249 1296 3304 tres
1317 3240 1508 3304 adferuntur

107 3342 170 3406 loci
190 3343 344 3408 Plautini:
374 3368 416 3409 ex
438 3345 686 3432 Amphitruone,
711 3367 729 3408 e
750 3345 853 3408 Milite
877 3345 951 3430 (111,
974 3345 1002 3426 1,
1024 3344 1091 3431 31),
1120 3344 1389 3425 eMenaeohmis,
1420 3344 1507 3410 deni·

110 3469 172 3532 que
200 3448 263 3512 duo
287 3449 483 3514 Varroniani
510 3458 699 3531 exsatura,
728 3471 811 3534 quae
839 3449 1038 3513 inscribitur:
1067 3450 1177 3532 ‘sarpha
1204 3453 1234 3510 d>
1261 3448 1378 3511 11611ίωί
1407 3457 1439 3512 61
1465 3473 1508 3512 ex

111 3551 300 3637 ‘quaestion
323 3553 473 3618 Plautin'
491 3554 545 3618 lib.
561 3553 604 3618 ΙΙ.
643 3576 684 3618 ne
709 3562 818 3618 autem
843 3554 1029 3639 exemplum
1051 3576 1093 3617 ex
1111 3551 1347 3640 Amphitruone
1372 3553 1508 3638 petitum

110 3658 313 3741 primarium,
333 3659 458 3744 reliqua
478 3659 643 3723 subsiciva
662 3681 733 3723 esse
748 3668 851 3744 putee,
873 3661 906 3722 in
923 3659 1034 3723 ordine
1050 3659 1272 3743 exemplorum
1287 3658 1508 3722 Plautinorum

112 3761 339 3827 ‘Examussim'
368 3763 486 3828 lemma
512 3765 556 3826 ita
582 3765 722 3848 positum
751 3773 813 3845 est,
841 3773 877 3826 ut
904 3763 1073 3848 adpareat,
1105 3762 1213 3826 locum
1239 3761 1351 3826 Militis
1378 3761 1510 3844 gloriosi

12 3927 13 3930 ,
109 3887 180 3928 6666
207 3868 396 3950 primarium
429 3867 628 3952 exemplum,
660 3866 748 3952 quod
775 3865 1079 3932 Schottmuellerum
1112 3864 1232 3950 (symb.
1262 3864 1371 3950 philol.
1401 3865 1505 3929 Bonn.

109 3991 141 4054 p.
159 3969 236 4056 809)
261 3973 364 4034 secuti
387 3973 572 4054 germanice
596 3970 811 4035 ί1116616161161
836 3970 1048 4057 adpellamus,
1073 3970 1114 4034 cf.
1132 3969 1289 4034 Schmidt.
1309 3969 1330 4033 1.
1353 3991 1380 4033 6.
1400 3991 1432 4054 p.
1453 3969 1506 4033 20.

108 4076 217 4160 itaque
237 4077 261 4138 si
283 4075 390 4139 Plauti
410 4077 584 4160 interpres,
604 4097 667 4160 quo
687 4075 811 4140 Nonius
830 4098 907 4139 usus
928 4085 990 4159 est,
1012 4073 1167 4139 Sisennae
1189 4075 1453 4138 commentarium
1473 4076 1508 4136 in

109 4200 202 4242 usum
225 4181 367 4262 vocavit,
392 4181 488 4244 miros
511 4201 569 4243 nos
592 4178 713 4244 habere
737 4179 845 4260 debet,
869 4179 955 4264 qnod
977 4179 1012 4242 id
1034 4201 1098 4243 non
1121 4179 1154 4242 in
1175 4177 1369 4262 explicando
1392 4178 1509 4242 eodem

108 4281 353 4368 Amphitruonis
372 4284 453 4366 loco,
471 4305 567 4368 quem
583 4283 719 4348 Sisenna
741 4283 973 4368 explicaverat,
994 4283 1083 4347 fecit.
1114 4285 1178 4346 iam
1190 4280 1277 4345 ‘nihil
1293 4281 1381 4345 aliud
1396 4291 1507 4364 restat,
1601 4308 1602 4311 ¹

215 4493 234 4558 ¹)
259 4495 329 4544 Ante
352 4493 451 4543 Iulium
473 4493 624 4542 Romanum
649 4492 729 4558 (saec.
748 4493 798 4543 ΙΙΙ.
816 4493 887 4559 init.)
911 4508 972 4543 eum
995 4493 1077 4543 fuisse
1091 4496 1203 4552 constat,
1228 4507 1286 4541 cum
1311 4491 1391 4540 huius
1408 4491 1508 4541 scrinia

109 4581 245 4632 Charisius
263 4581 329 4631 locis
348 4576 559 4632 commemoratis
578 4579 772 4646 compilaverit.
