3225 5092
1423 158 1465 277 si

180 401 244 467 Sed
261 423 335 466 cum
355 404 452 466 etiam
468 401 746 466 emendandarum
757 400 880 485 Nigidii
900 401 1107 486 reliquiarum
1124 423 1240 467 munus
1258 407 1467 491 susceperim,
1587 468 1588 473 ,

92 527 190 572 earum
211 515 319 571 autem
339 505 523 571 fabularum
540 506 734 591 sideralium,
759 527 838 591 quas
855 528 872 569 e
887 506 1060 590 Nigidiano
1083 528 1180 593 opere
1204 507 1374 575 scholiasta
1389 508 1468 575 Ger·

88 612 193 676 manici
206 611 300 676 nobis
312 613 466 692 servavit,
483 619 602 693 textus,
619 613 673 695 qui
689 610 816 687 dicitur,
835 610 979 676 condicio
992 613 1032 675 sit
1042 612 1230 694 miserrima,
1247 614 1281 678 in
1295 615 1359 678 fine
1373 613 1469 678 huius
1531 626 1538 648 ¹

88 719 176 800 partis
190 738 283 781 meae
296 714 520 800 disputationis
536 737 595 800 per
611 723 753 778 saturam
766 717 858 799 quasi
874 714 1048 779 libamenta
1064 715 1184 780 addam
1200 719 1468 800 coniecturarum,

90 820 195 904 quibus
212 819 290 883 locis
305 820 465 886 nonnullis
482 819 589 884 adhuc
603 842 668 883 non
685 821 805 884 sanatis
823 820 959 888 salutem
974 819 1103 885 adferre
1120 821 1237 896 studui,

177 924 274 988 Nullo
289 924 479 989 mendorum
495 945 615 1009 genere
631 926 733 1008 magis
749 945 846 1009 quam
862 925 1159 1009 interpolationibus
1180 924 1262 990 haec
1274 926 1468 1011 fragmenta,
1516 940 1519 955 '

89 1029 182 1113 qualia
196 1028 391 1094 scholiorum
404 1027 570 1093 codicibus
582 1027 800 1114 B(asileensi),
814 1028 989 1115 P(arisino)
1003 1038 1034 1093 et
1046 1029 1268 1116 S(trozziano),
1282 1030 1470 1118 U(rbinate)
1588 1080 1589 1093 .

89 1133 195 1200 tradita
213 1143 297 1217 sunt,
315 1142 440 1198 scatere
456 1134 677 1199 Buechelcrus
692 1135 725 1196 in
742 1135 1021 1218 commentatione,
1039 1156 1103 1219 qua
1118 1135 1238 1219 optime
1254 1134 1294 1199 de
1310 1136 1349 1199 iis
1365 1158 1469 1201 emen·
1588 1160 1589 1215 3

90 1238 192 1302 dandis
208 1241 327 1304 meruit
343 1239 440 1325 (Mus.
454 1238 557 1303 Rhen.
571 1247 593 1300 t.
606 1237 693 1302 XIII
709 1237 853 1323 inserta),
874 1237 1051 1303 identidem
1068 1239 1235 1304 contendit
1249 1248 1346 1325 atque
1363 1261 1469 1305 exem·

89 1342 141 1426 plis
166 1341 378 1428 comprobare
406 1343 537 1408 studuit.
568 1343 665 1408 nihilo
688 1345 802 1425 minus,
832 1365 1026 1428 quamquam
1052 1343 1135 1408 haec
1162 1343 1284 1409 scholia
1309 1346 1352 1410 ab
1376 1348 1472 1412 inter·

89 1446 238 1530 polationc
252 1469 456 1533 nequaquam
465 1447 567 1512 libera
579 1470 650 1513 esse
662 1458 760 1533 atque
772 1449 870 1512 etiam
879 1447 1036 1533 exemplis
1044 1449 1272 1532 glossematum
1280 1448 1322 1513 ab
1331 1451 1471 1535 Eyssen·
1588 1508 1589 1517 ,

88 1549 201 1616 hardtio
220 1561 251 1616 et
263 1551 432 1638 Breysigio
449 1552 584 1616 detectis
599 1552 753 1616 nonnulla
768 1551 846 1616 addi
860 1551 979 1616 debere
992 1551 1145 1633 concedo,
1162 1552 1398 1618 Buechelerum
1410 1553 1471 1618 hac
1587 1580 1589 1597 ¹

88 1655 113 1717 in
127 1678 158 1719 re
174 1658 293 1722 iustum
310 1657 442 1722 modum
457 1665 697 1740 transgressum
713 1665 746 1719 et
758 1656 836 1720 locis
850 1657 1008 1741 corruptis
1020 1655 1120 1736 multo
1137 1659 1264 1742 saepius
1283 1656 1471 1742 corrigendo

88 1781 175 1843 quam
185 1762 365 1827 resecando
378 1760 574 1826 medendum
586 1781 657 1824 esse
669 1769 756 1846 puto,
772 1761 805 1823 id
820 1760 904 1845 quod
916 1762 987 1845 ipsa
999 1759 1253 1844 fragmentorum
1266 1761 1404 1826 editione
1420 1784 1472 1825 me
1589 1842 1590 1847 ἵ

89 1863 298 1932 demonstrare
313 1889 407 1952 posse
420 1887 522 1951 spero,
552 1865 609 1930 sed
626 1873 749 1928 certum
766 1864 1020 1950 interpolationis
1031 1867 1204 1948 vestigium
1219 1867 1252 1930 in
1268 1867 1316 1947 iis,
1333 1887 1416 1950 quae
1432 1866 1473 1931 de
1589 1882 1590 1949 ζ

87 1967 295 2054 ‘Capricorno'
308 1994 339 2056 p.
353 1970 393 2033 87
411 1979 594 2051 narrantur,
610 1992 663 2034 me
678 1971 842 2033 invenisse
859 1971 1016 2034 existimo.
1048 1971 1138 2034 initio
1155 1971 1240 2033 enim
1255 1970 1350 2034 huius
1365 1993 1471 2034 narra·
1589 1960 1590 1977 ¹

87 2073 171 2137 tionis
185 2074 290 2139 verba
306 2074 467 2160 quaedam
486 2076 583 2138 miros
599 2097 657 2139 nos
673 2072 804 2155 habent,
827 2076 945 2159 quippe
966 2095 1050 2158 quae
1065 2095 1171 2158 neque
1187 2098 1207 2138 a
1221 2073 1352 2158 Nigidio
1367 2097 1473 2160 neque

88 2198 104 2238 a
117 2177 283 2244 scholiasta
298 2179 443 2265 profecta
458 2201 527 2244 esse
542 2180 675 2264 possint.
705 2177 778 2241 vide
795 2199 915 2262 quaeso
931 2176 1027 2242 haec:
1045 2179 1119 2264 ‘quo
1134 2180 1168 2243 in
1180 2187 1323 2263 tempore
1335 2178 1473 2264 Typhon
1589 2178 1590 2181 ’

88 2281 232 2348 inmonte
248 2284 355 2348 Tauro
376 2284 564 2370 speluncam
588 2282 725 2349 haberet
741 2292 772 2346 et
786 2282 976 2368 Aegyptum
992 2283 1170 2363 incoleret'3
1192 2285 1283 2368 quasi
1298 2283 1426 2348 Taurus
1441 2285 1474 2347 in

88 2383 229 2473 Aegypto
249 2397 343 2453 esset.
379 2410 484 2473 neque
505 2396 613 2452 tamen
634 2387 715 2451 haee
734 2385 786 2450 res
810 2386 988 2451 editoribus
1012 2388 1200 2473 scrupulum
1224 2389 1342 2473 iniecit,
1366 2409 1474 2474 quam·

88 2509 174 2572 quam
188 2493 258 2576 ipse
274 2492 446 2577 Ampelius
463 2492 519 2578 (II,
535 2492 588 2577 10)
603 2501 702 2573 recte,
720 2493 779 2555 etsi
795 2513 861 2555 non
877 2491 1052 2576 eleganter,
1067 2513 1136 2555 rem
1153 2493 1198 2556 ita
1214 2493 1378 2578 exposuit:
1400 2493 1474 2577 ‘quo

89 2599 223 2680 tempore
240 2597 381 2683 Typhon
398 2597 571 2682 speluncas
586 2595 728 2661 incolens
745 2597 778 2659 in
794 2603 902 2660 monte
919 2597 1026 2661 Tauro
1042 2595 1231 2681 Aegyptum
1246 2596 1411 2683 profectus
1427 2604 1475 2659 est

88 2696 124 2759 ad
138 2697 276 2765 bellum!
310 2702 367 2765 sed
384 2701 554 2786 Ampelius
571 2701 700 2765 diversa
721 2703 897 2781 contraxit3
918 2700 1112 2787 Typhonem
1133 2704 1218 2765 enirn
1237 2704 1269 2764 in
1286 2700 1475 2786 Aegyptum
1590 2696 1591 2701 ¹

88 2805 204 2867 venisse
215 2807 247 2868 in
261 2805 382 2870 scholio
396 2806 527 2870 demum
539 2829 571 2890 p.
587 2805 639 2888 88,
653 2806 673 2868 3
686 2787 732 2890 sq.
745 2815 905 2869 narratur.
932 2805 1041 2890 itaque
1054 2827 1134 2869 cave
1147 2806 1286 2870 conicias
1299 2805 1474 2870 ‘incoleret’

89 2907 267 2974 evocabulo
288 2910 395 2994 aliquo
412 2909 607 2974 ‘invadendi'
625 2912 788 2974 notionem
809 2909 1011 2993 significante
1032 2909 1247 2994 depravatum
1266 2930 1347 2972 esse.
1378 2911 1475 2974 immo

89 3010 153 3093 ipsa
170 3011 311 3100 Ampelii
335 3013 437 3079 verba
458 3013 658 3099 ‘speluncam
685 3013 837 3077 incolens’
864 2999 984 3078 indicio
1010 3035 1079 3077 esse
1104 3013 1256 3077 videntur
1285 3011 1475 3077 scholiastae

90 3115 261 3200 incoleret,
278 3129 314 3183 ut
326 3119 462 3184 verbum
475 3118 639 3200 haberet,
652 3117 694 3184 ad
708 3117 916 3204 ‘speluncam’
934 3120 1105 3204 pertinere,
1121 3140 1184 3182 non
1198 3118 1241 3182 ad
1254 3118 1474 3203 ‘Aegyptum',

90 3220 166 3301 quod
181 3231 345 3307 tamquam
361 3225 507 3308 spurium
523 3232 572 3286 est
586 3222 772 3287 notandum.

184 3325 274 3406 Quae
290 3349 322 3411 p.
337 3327 389 3410 69,
404 3327 423 3390 8
436 3348 504 3411 sqq.
519 3327 559 3391 de
571 3328 739 3390 Dioscuris
759 3325 925 3411 leguntur,
947 3328 993 3391 sic
1015 3325 1181 3390 codicibus
1203 3326 1413 3392 exhibentur:
1435 3331 1477 3392 ‘et

93 3430 192 3509 quoin
207 3439 352 3516 tempore
368 3433 597 3516 navigaverint
613 3453 687 3496 eum
702 3430 818 3495 Iasone
834 3441 932 3516 atque
948 3430 1090 3494 Hercule
1106 3431 1148 3495 ad
1165 3430 1281 3515 pellem
1297 3433 1478 3497 inauratam

92 3531 290 3600 auferendam
306 3535 414 3600 multis
430 3536 596 3601 laboribus
612 3535 924 3620 tempestatibusque
946 3535 1121 3600 conflictati
1137 3535 1293 3619 (conflicti
1310 3535 1379 3623 SU)
1396 3538 1478 3622 peri-

92 3635 221 3703 culorum
236 3651 334 3726 atque
349 3642 540 3706 animorum'
558 3641 685 3726 (corrig.
701 3663 774 3704 cum
786 3639 1043 3725 Eyssenhardtio
1060 3639 1278 3725 ‘nimborum')
1291 3643 1419 3725 experti
1431 3643 1474 3705 in·

93 3740 196 3819 pendia
218 3747 440 3830 potiusquam
464 3743 617 3809 libentius
636 3743 840 3828 navigantes'
862 3742 958 3828 (haec
982 3753 1111 3828 praeter
1131 3745 1303 3830 ‘inpendio’
1325 3766 1387 3812 om.
1406 3745 1475 3830 SU)

95 3840 252 3913 ‘laboribus
258 3847 399 3912 liberare
409 3847 602 3912 studuerunt
610 3849 767 3912 auxilium
776 3847 862 3912 ferre
875 3847 1084 3932 precantibus
1095 3848 1310 3940 instituerunt
1321 3847 1477 3935 (studue-

95 3949 165 4011 runt'
177 3950 223 4037 P).
250 3955 282 4016 in
302 3954 484 4017 novissimis
504 3953 625 4034 verbis,
648 3974 730 4037 quae
747 3951 911 4039 duplicem
928 3956 1021 4018 unius
1038 3955 1215 4018 sententiae
1231 3953 1367 4018 formam
1384 3976 1474 4039 prae-

96 4047 169 4134 bent,
186 4057 248 4121 iam
263 4057 453 4142 Breysigius
470 4055 548 4145 (‘De
566 4057 603 4123 P.
615 4057 690 4142 Nig.
708 4058 834 4142 fragm!
851 4082 882 4144 p.
901 4058 958 4143 23)
974 4059 1255 4144 interpolationem
1276 4058 1409 4124 subesse
1430 4081 1479 4123 su·

97 4155 219 4238 spiratus
241 4163 442 4228 enuntiatum
459 4161 625 4226 ‘auxilium
640 4162 725 4226 ferre
748 4162 958 4247 precantibus
981 4162 1199 4228 instituenmt’
1220 4165 1313 4227 uncis
1336 4163 1476 4228 seclusit.

99 4278 187 4344 neque
202 4273 308 4330 tamen
324 4266 386 4331 hoe
402 4266 499 4331 modo
515 4289 629 4332 verum
646 4266 822 4332 adsecutus
835 4289 904 4332 esse
919 4267 1058 4333 videtur.
1090 4290 1167 4332 nam
1182 4267 1308 4352 reliqua
1322 4291 1388 4333 non
1404 4278 1479 4355 apte

101 4359 266 4434 decurrunt.
292 4371 421 4455 quando
438 4373 524 4436 enirn
540 4371 585 4436 illi
599 4371 774 4456 ‘laboribus
790 4371 929 4436 liberare
944 4372 1171 4437 studuerunt?
1193 4382 1305 4456 postea
1320 4375 1480 4457 nimirum,

102 4487 181 4550 quam
196 4495 265 4540 cum
280 4476 395 4540 Iasone
412 4485 444 4540 et
458 4475 602 4540 Hercule
618 4478 865 4562 navigaverant,
882 4477 914 4540 id
932 4478 1016 4563 quod
1033 4477 1125 4541 aliter
1142 4475 1394 4561 significandum
1409 4479 1479 4543 fuit.

101 4591 131 4634 cn
151 4574 316 4646 Dioscuros
340 4603 377 4646 eo
399 4584 469 4666 ipso
493 4591 652 4666 tempore,
677 4602 740 4665 quo
763 4579 929 4645 laboribus
952 4580 1265 4667 tempestatibusque
1288 4591 1381 4646 erant
1408 4603 1480 4646 con-
