3225 5092
1461 246 1520 309 153

125 437 174 517 11,
199 435 247 518 15,
269 435 319 500 IIl
339 435 383 521 2).
416 437 474 501 sed
494 447 570 500 ante
590 439 698 502 omnia
717 437 771 501 hic
791 437 868 502 mihi
890 439 1173 503 commemoranda
1192 448 1241 502 est
1261 460 1300 502 ea
1319 438 1521 504 Graecorum

91 583 96 594 ·
122 540 331 623 consuetudo,
355 563 397 604 ex
418 564 492 628 qua,
515 550 551 605 ut
571 543 762 606 sententiam
784 543 1030 607 antecedentem
1054 543 1274 629 comprobent,
1298 543 1366 608 sola
1387 542 1521 630 apodosi

120 645 346 732 hypothetica,
370 668 434 730 qua
458 645 650 727 ostenditur,
675 647 753 731 quid
772 647 916 711 futurum
936 649 985 728 sit,
1010 648 1036 710 si
1056 647 1110 710 illa
1130 669 1207 710 vera
1226 650 1362 729 nonsit,
1387 657 1522 712 utuntur

121 752 244 836 protasi
260 751 387 815 omissa.
420 736 510 814 cuius
527 772 604 813 usus
621 750 781 835 exempla,
798 772 881 836 quae
897 751 985 837 apud
997 751 1199 816 Herodotum
1214 751 1375 835 leguntur,
1393 751 1522 836 collegit

121 853 345 918 Broschmann
361 877 392 939 p.
406 854 458 939 20,
479 875 562 939 quae
583 853 671 938 apud
687 854 927 940 Thucydidem,
949 855 1237 940 Krueger11260.
1269 857 1302 919 in
1323 856 1520 920 orationibus

121 957 300 1023 Andocidis
316 980 416 1022 unum
432 961 542 1022 inveni
556 960 664 1024 locum
679 959 711 1023 II
727 960 757 1041 4,
780 959 889 1044 plures
905 959 994 1044 apud
1009 959 1243 1045 Antiphontem
1258 959 1291 1022 ΙΙ
1308 962 1325 1036 β
1341 959 1370 1040 7,
1390 959 1439 1043 10,
1455 984 1474 1041 γ
1489 960 1520 1042 6,

122 1064 153 1128 V
166 1061 216 1128 25.
248 1084 352 1149 neque
368 1073 477 1128 tamen
493 1063 609 1149 plenae
625 1065 777 1129 orationis
793 1063 912 1128 desunt
927 1063 1089 1149 exempla,
1106 1062 1195 1127 velut
1207 1063 1292 1129 And.
1305 1062 1322 1126 I
1337 1063 1389 1128 02.

806 1272 837 1336 5.

225 1412 377 1497 Denique
389 1413 551 1476 neminem
564 1411 671 1476 adhuc
685 1411 835 1476 distincte
847 1414 1073 1497 pronuntiasse
1086 1411 1181 1476 video
1194 1414 1323 1498 saepius
1339 1434 1411 1476 non
1427 1414 1520 1496 ipsc,

120 1521 247 1603 inquo
266 1511 329 1599 γ’σὶρ
350 1518 515 1602 positum
536 1525 607 1599 est,
628 1517 828 1580 enuntiato
849 1538 1003 1580 causam
1023 1538 1143 1599 eorum,
1165 1518 1248 1601 quae
1264 1526 1520 1596 antecesserunt,

122 1622 329 1703 contineri,
346 1620 404 1684 sed
420 1642 457 1684 eo
470 1619 610 1703 demum,
627 1620 714 1706 quod
727 1622 885 1705 sequitur:
902 1620 991 1686 velut
999 1619 1086 1686 And.
1097 1621 1131 1685 II
1143 1620 1186 1683 24
1199 1624 1337 1682 παύσασθε
1353 1623 1380 1682 εἴ
1392 1644 1430 1700 τῳ
1447 1624 1522 1697 ὑμῶν

121 1729 252 1805 διάβολον
267 1750 292 1788 τι
309 1727 337 1786 ἐν
353 1734 386 1809 τῇ
401 1730 500 1810 γνώμῃ
515 1726 577 1808 περὶ
594 1729 660 1804 ἐμοῦ
675 1730 855 1807 παρέστηκεν.
887 1726 910 1786 εἰ
924 1728 989 1808 γὰρ,
1009 1729 1059 1787 ὅσα
1075 1727 1100 1788 oi
1115 1728 1249 1808 ἅνθρωποι
1265 1733 1298 1809 τῇ
1314 1731 1412 1810 γνώμῃ
1428 1729 1521 1807 ἁμαρ-

120 1836 237 1910 τάνουσι,
258 1834 288 1892 τ“ο
304 1837 384 1907 σῶμα
400 1831 486 1891 αὐτῶν
504 1833 541 1907 μὴ
564 1832 647 1892 αἴτιόν
664 1833 744 1911 ἐστιν,
766 1833 833 1907 ἐμοῦ
852 1835 882 1892 τὸ
903 1832 953 1908 μὲν
972 1831 1053 1908 σῶμα
1072 1834 1201 1912 τυγχάνει
1220 1833 1314 1891 τοῦτον
1336 1833 1374 1891 ἔτι
1394 1832 1434 1910 ’σ’ν,
1456 1831 1521 1911 ἕπερ

119 1943 169 2013 τῆς
186 1936 273 2008 αἰτίας
289 1937 477 2017 ἀπήλλακται,
492 1939 510 2010 ἡ
528 1936 559 1996 δὲ
576 1939 672 2013 γνώμη
689 1935 746 1996 ἀντὶ
760 1943 811 2012 τῆς
822 1939 956 2018 προτέρας
969 1939 1048 2018 ἑτέρα
1060 1935 1115 1996 νὐνὶ
1125 1939 1296 2017 παρέστηκεν
1308 1936 1522 2018 praemissum

121 2049 170 2104 est
186 2041 388 2104 enuntiatum
405 2038 635 2120 condicionale,
652 2039 738 2123 quod
755 2061 817 2102 non
834 2049 903 2103 arte
917 2039 1069 2103 cohaeret
1081 2061 1155 2102 cum
1168 2041 1326 2102 sententia
1341 2036 1520 2123 probanda.
1606 2080 1609 2087 ,

120 2143 175 2207 vel
190 2166 290 2208 causa
306 2146 377 2228 ipsa
392 2145 476 2207 inest
490 2145 523 2207 in
540 2143 731 2208 secundario
748 2146 920 2221 enuntiato,
944 2167 1018 2208 cum
1033 2143 1229 2208 antecedens
1246 2144 1436 2227 primarium
1450 2163 1521 2227 par-

120 2247 254 2312 ticulam
277 2247 330 2329 ·,ιοίρ
355 2249 515 2311 contineat
536 2246 636 2333 (And.
650 2247 684 2312 Π
704 2248 755 2329 26,
777 2248 829 2312 ΙΙΙ
848 2247 914 2333 25).
947 2249 999 2312 vel
1020 2248 1083 2312 duo
1108 2258 1182 2311 sunt
1205 2247 1361 2328 membra,
1386 2268 1522 2331 quorum

119 2355 221 2439 priori
236 2357 290 2434 γάρ
310 2355 467 2417 inscrtum
488 2361 545 2434 est,
567 2353 706 2416 alterum
727 2375 858 2417 causam
879 2353 1026 2418 exhibet:
1044 2352 1159 2417 AndI
1176 2352 1205 2437 7,
1222 2351 1365 2435 58,’140,
1381 2350 1459 2414 Ath.
1472 2373 1520 2436 rp.

120 2457 221 2522 1119.
258 2456 375 2542 quibus
395 2456 475 2520 locis
501 2478 574 2520 cum
595 2459 685 2543 prius
708 2457 892 2522 membrum
914 2459 1146 2521 sententiarum
1171 2479 1298 2521 conexu
1318 2476 1522 2541 nequaquam

119 2562 298 2646 flagitetur,
323 2561 466 2625 studium
490 2563 694 2626 manifestum
717 2562 854 2646 adparet
877 2562 940 2626 duo
965 2562 1112 2626 membra
1131 2565 1216 2625 inter
1239 2583 1273 2624 se
1293 2559 1523 2644 respondentia

119 2677 252 2753 praeter
271 2667 498 2730 necessitatem
519 2666 699 2746 efficiendi,
723 2666 810 2730 unde
825 2665 1031 2730 Andocidem
1052 2669 1130 2730 artis
1151 2676 1219 2730 tum
1238 2665 1438 2730 florescentis
1458 2685 1522 2727 non

120 2781 188 2836 tam
200 2773 350 2854 ignarum
363 2770 472 2851 fuisse,
486 2792 583 2855 quam
595 2772 687 2835 multi
700 2771 910 2853 contendunt,
923 2771 1019 2835 facile
1031 2770 1237 2856 intellegitur,
1251 2771 1377 2833 etiamsi
1389 2771 1521 2832 nimium

121 2877 303 2940 orationum
318 2875 613 2960 Antiphontearum
633 2886 781 2940 ornatum
801 2885 835 2940 et
854 2875 1030 2959 luxuriem,
1050 2886 1087 2940 ut
1105 2878 1151 2940 ita
1172 2876 1292 2958 dicam,
1314 2872 1443 2939 dicendi
1464 2895 1522 2957 pro

122 3003 181 3044 sua
196 2988 289 3066 parte
307 2981 507 3044 constrinxit.

804 3241 847 3306 H.

226 3398 280 3462 Ex
299 3421 360 3462 usu
380 3398 501 3462 causali
521 3399 699 3483 particulae
719 3405 772 3481 γάρ
793 3408 926 3463 exortus
948 3422 1019 3462 esse
1039 3399 1183 3479 videtur,
1204 3399 1258 3483 qui
1280 3420 1378 3483 saepe
1398 3397 1440 3460 ab
1461 3396 1523 3460 hoc

122 3503 277 3586 distingui
297 3525 360 3574 non
381 3512 496 3588 potest,
518 3526 608 3566 usus
630 3504 909 3586 declarativus,
931 3507 987 3588 qui
1006 3506 1112 3568 minus
1131 3504 1195 3568 late
1216 3511 1315 3588 patet.
1347 3510 1443 3586 atque
1459 3521 1523 3564 uno

121 3610 220 3672 etiam
232 3607 412 3670 Andocidis
428 3607 499 3670 loco
515 3607 578 3671 tale
591 3613 644 3690 γάρ
657 3607 734 3672 mihi
749 3607 925 3673 delendum
937 3629 1007 3671 esse
1024 3608 1163 3690 videtur,
1181 3610 1241 3671 etsi
1253 3629 1365 3671 omnes
1382 3606 1522 3670 editores

121 3712 155 3776 id
171 3711 361 3776 toleravere.
393 3714 512 3776 etenim
531 3712 548 3775 Ι
568 3710 610 3775 20
633 3712 714 3776 haec
738 3713 875 3797 legimus
898 3715 933 3776 in
956 3711 1122 3777 codicibus
1145 3717 1160 3774 ὁ
1181 3716 1270 3794 πατὴρ
1294 3714 1404 3788 ἐπείσθη
1428 3713 1523 3791 ἀγῶνα

120 3823 240 3879 τοιοῦτον
256 3819 448 3897 ἀγωνίσασθαι,
471 3819 499 3877 ἐν
516 3813 538 3898 ᾧ
554 3818 625 3880 δυοῖν
641 3824 696 3880 τοῖν
713 3821 850 3899 μεγίστοιν
870 3823 966 3880 κακοῖν
983 3823 1031 3880 σὺκ
1046 3817 1079 3897 ἧν
1096 3819 1167 3899 αὺτῷ
1183 3822 1311 3899 ἁμαρτεῖν
1317 3841 1329 3897 ,·
1346 3823 1364 3892 ἢ
1381 3813 1434 3897 γὰρ
1456 3818 1523 3892 ἐμοῦ

121 3921 253 3996 δόξαντος
272 3924 305 3981 τὰ
326 3921 388 3982 ὄντα
405 3927 519 3998 μηνῦσαι
540 3924 600 3982 κατ’
613 3924 717 3983 ἐκείνου
733 3926 776 3983 ὑπ’
791 3925 858 4000 ἐμοῦ
879 3926 1023 3985 ἀποθανεῖν
1038 3929 1056 3998 ἢ
1074 3923 1145 4002 αὒτῷ
1162 3927 1273 3983 σωθέντι
1290 3923 1340 3998 ἐμὲ
1356 3923 1521 3982 ἀποκτεῖναι,

121 4047 184 4111 quo
205 4035 315 4090 autem
336 4023 450 4088 melius
471 4025 511 4088 de
532 4024 682 4089 hocloco
704 4026 917 4091 decernamus
922 4076 932 4105 ,
955 4026 1074 4091 similes
1096 4026 1300 4089 conferamus
1320 4046 1453 4089 necesse
1475 4038 1524 4086 est

119 4128 209 4212 157,
229 4129 281 4194 ΙΙΙ
298 4128 338 4192 28
359 4137 455 4214 atque
476 4131 623 4214 inprimis
644 4130 678 4194 H
694 4130 728 4213 l,
749 4131 853 4196 Thuo.
866 4131 883 4195 Ι
898 4132 955 4216 33,
968 4131 1001 4208 3,
1022 4130 1091 4194 IIII
1107 4130 1159 4215 28,
1175 4130 1236 4216 5.¹)
1268 4151 1342 4193 cum
1363 4131 1461 4213 igitur
1480 4127 1522 4192 ab

226 4375 248 4441 ¹)
266 4375 328 4426 Alia
339 4376 472 4442 permulta
483 4377 563 4426 huius
572 4393 637 4427 usus
647 4378 770 4444 exempla
780 4379 905 4429 Gebauer
914 4379 996 4443 Lysl
1006 4379 1109 4443 433sq.‚
1122 4379 1174 4426 440
1186 4392 1243 4442 sqq.
1254 4375 1372 4440 collegit,
1385 4377 1414 4423 in
1427 4375 1524 4440 quibus

119 4469 167 4515 aut
180 4463 233 4513 duo
250 4463 378 4513 infinitivi
391 4464 492 4528 duplici
504 4461 519 4526 ἤ
531 4465 560 4514 in
574 4467 721 4516 orationem
739 4467 890 4516 inferuntur
907 4473 963 4528 aut,
982 4467 1005 4514 si
1017 4461 1064 4532 γάρ
1081 4467 1210 4513 insertum
1229 4469 1277 4524 est,
1296 4468 1355 4512 tota
1373 4468 1400 4511 et
1417 4463 1523 4526 integra

119 4553 261 4602 enuntiata
273 4557 410 4614 secuntur,
423 4567 535 4616 quorum
546 4553 659 4602 verbum
672 4568 828 4618 numquam,
842 4554 895 4603 nisi
907 4554 992 4603 oratio
1005 4553 1137 4602 indirecta
1149 4551 1240 4601 subest
1251 4549 1328 4614 (Irae.
1338 4549 1379 4599 III
1390 4551 1431 4611 74,
1444 4549 1522 4600 Dem.

120 4637 226 4689 XVIIII
240 4638 310 4704 151),
323 4638 434 4688 formam
447 4637 576 4688 infinitivi
587 4639 675 4690 habet.
