3225 5092
1423 251 1464 315 87

39 517 43 524 ⁴
94 470 148 511 cun
170 447 285 529 verbo,
313 446 354 510 (16
382 467 446 531 quo
472 445 594 529 agitur,
621 446 682 509 nisi
706 443 903 529 pronominis
929 445 1033 506 neutri
1056 445 1278 509 accusativum
1304 465 1368 508 non
1395 466 1466 508 con·

92 553 183 636 iungit.

35 659 38 682 l

175 653 350 742 Duplicem
366 655 482 720 deinde
498 655 721 719 accusativum
737 661 769 717 et
783 674 942 739 personae
959 662 992 716 et
1006 655 1053 717 rei
1069 651 1214 737 flagitare
1231 653 1349 718 docent
1363 676 1466 738 gram-

40 781 42 788 *
91 763 180 826 nstici
209 759 323 846 verba,
352 760 470 846 quibus
498 758 636 825 docendi
665 757 803 844 rogandi
831 758 985 844 poscendi
1012 758 1231 842 interrogandi
1256 760 1340 822 inest
1370 761 1466 824 notio.

91 866 189 950 quibus
204 868 238 929 in
254 866 362 930 verbis
383 864 609 932 construendis
623 863 767 927 Iustinus
783 863 852 927 fere
872 865 1018 947 congruit
1039 885 1113 927 cum
1133 886 1193 928 usu
1213 865 1351 947 optimae
1366 863 1467 928 latini-

91 973 144 1034 tatis
159 971 359 1056 temporibus
375 969 545 1034 observato
560 992 598 1033 ac
613 969 775 1034 rarissime
791 975 915 1032 tantum
928 962 1285 1050 admittit'structuram,
1301 990 1398 1053 quam
1414 971 1468 1052 qui

88 1075 330 1159 ¹elegantissimae
352 1074 538 1138 elocutionis
560 1072 694 1137 studiosi
716 1082 809 1136 erant
829 1070 1000 1156 diligenter
1020 1072 1196 1136 evitabant.
1228 1094 1310 1158 quae
1331 1095 1405 1138 cum
1423 1074 1469 1136 ita

90 1181 143 1264 sint,
159 1182 193 1245 in
205 1180 267 1244 hac
279 1187 371 1264 parte
384 1178 555 1242 tractanda
566 1180 687 1273 maiore
700 1177 776 1240 licet
791 1178 838 1240 uti
850 1175 1019 1240 brevitate.
1044 1198 1149 1261 neque
1165 1199 1245 1261 opus
1257 1199 1328 1240 esse
1339 1176 1469 1240 videtur

90 1284 229 1371 exemplis
244 1283 360 1348 adlatis
374 1282 564 1347 confirmare
577 1291 609 1346 et
621 1304 804 1367 personam,
822 1303 920 1366 quam
936 1283 1007 1366 quis
1023 1280 1135 1345 docet
1151 1281 1204 1344 vel
1221 1281 1420 1366 perdocet,
1437 1291 1469 1345 et

35 1413 36 1416 ¹
89 1411 155 1470 ren,
185 1411 249 1474 qua
272 1389 345 1473 quis
367 1389 546 1465 instruitur,
575 1389 608 1450 in
635 1386 820 1450 accusativo
846 1385 889 1450 ab
914 1386 1037 1451 Iustino
1060 1388 1150 1471 poni,
1177 1397 1291 1450 contra
1313 1388 1344 1450 in
1367 1387 1468 1450 verbo

90 1493 233 1557 edocere
259 1513 328 1557 rem
355 1501 410 1556 aut
436 1492 673 1576 praepositione
700 1490 761 1554 ‘de'
789 1500 846 1554 aut
872 1476 1036 1555 enuntiato
1062 1491 1293 1574 interrogativo
1320 1493 1468 1576 exprimi.
1544 1501 1547 1505 '

89 1598 174 1664 verba
197 1607 306 1662 autem
331 1595 532 1681 poscendi,
555 1593 750 1680 postulandi,
774 1594 944 1678 flagitandi
964 1594 1006 1665 ab
1027 1595 1150 1658 Iustino
1170 1616 1234 1658 non
1254 1618 1328 1660 cum
1348 1595 1469 1680 duplici
1554 1676 1556 1685 Ι

89 1703 267 1783 accusativo,
288 1700 346 1764 sed
366 1722 440 1764 cum
460 1701 647 1764 accusativo
667 1700 713 1762 rei
735 1700 984 1783 coniunguntur.
1016 1708 1047 1762 et
1067 1700 1092 1762 si
1113 1721 1250 1785 persona
1270 1698 1471 1782 designanda

46 1833 47 1838 ¹
88 1817 130 1888 est,
150 1829 169 1870 a
186 1828 251 1892 qua
266 1807 337 1890 quis
353 1805 503 1889 postulat,
525 1827 564 1868 ea
583 1802 726 1868 ablativo
748 1825 822 1868 cum
842 1805 1079 1889 praepositione
1099 1803 1162 1869 ‘ab’
1183 1805 1355 1868 coniuncto
1376 1805 1469 1888 signi-

50 1949 52 1952 *
89 1910 196 1974 icatur.
223 1911 301 1975 item
312 1910 425 1991 verba,
442 1908 559 1994 quibus
575 1908 710 1973 orandi
725 1908 775 1970 vis
787 1909 880 1990 inest,
898 1908 1077 1993 simplicem
1089 1917 1214 1972 tanturn
1227 1929 1337 1972 secum
1349 1907 1470 1972 habent

46 2023 51 2060 ²
88 2015 305 2095 accusativum,
321 2013 411 2078 velut
427 2012 457 2095 8,
469 2011 532 2096 4‚7
550 2014 616 2076 ‘aut
631 2019 799 2097 rogantem
815 2010 936 2076 bellum
951 2022 1007 2075 aut
1022 2011 1268 2098 deprecantem'.
1296 2010 1358 2076 hac
1373 2013 1471 2096 igitur

46 2141 47 2144 ¹
89 2127 233 2184 structura
248 2141 325 2182 usus
341 2118 483 2182 Iustinus
498 2116 672 2181 nihilfecit
693 2115 952 2181 contradicendi
972 2119 1165 2202 scriptorum
1185 2119 1377 2203 optimorum
1399 2139 1470 2182 con-

88 2224 291 2304 suetudinem,
309 2232 421 2287 contra
436 2223 462 2285 si
481 2221 530 2303 11,
546 2221 595 2303 15,
611 2221 648 2283 11
667 2221 763 2284 dixit:
782 2222 921 2284 ‘veniam
937 2221 1048 2306 orare',
1065 2245 1085 2285 a
1096 2221 1260 2286 Ciceronis
1276 2231 1308 2286 61
1324 2221 1471 2286 Caesaris

89 2325 224 2412 dictione,
241 2329 296 2414 qui
311 2326 386 2391 huic
403 2325 504 2390 verbo
519 2335 645 2390 tantum
660 2326 857 2410 pronominis
872 2326 979 2389 neutri
1000 2328 1222 2391 accusativum
1242 2325 1470 2406 adiunxerunt,

89 2434 215 2496 recessit.
247 2431 357 2497 verbis
373 2430 486 2495 orandi
502 2432 651 2515 proxima
670 2439 745 2493 sunt
759 2429 864 2494 verba
883 2430 1163 2515 interrogandi,
1184 2440 1256 2515 post
1271 2452 1354 2516 quae
1373 2429 1471 2494 nihilo

88 2539 178 2620 magis
201 2536 365 2621 duplicem
389 2536 610 2600 accusativum
634 2543 825 2619 usurpatum
848 2536 1036 2619 reperimus.
1078 2557 1117 2600 ea
1143 2544 1266 2618 autem,
1293 2557 1366 2598 cum
1393 2534 1471 2599 nihil

46 2719 47 2722 Ἴ
88 2641 261 2724 praebeant,
283 2640 370 2725 quod
385 2639 593 2705 memorabile
609 2639 660 2722 sit,
678 2661 868 2704 enumerare
884 2638 1094 2725 supersedeo:
1110 2639 1143 2703 id
1160 2649 1285 2703 tantum
1300 2639 1471 2704 adnotasse

47 2757 48 2762 ’
88 2747 153 2807 satis
168 2745 271 2809 habeo
286 2743 424 2809 verbum
442 2745 634 2808 sciscitari
651 2766 693 2807 ex
708 2744 856 2827 analogia
868 2743 1041 2808 verborum
1057 2744 1277 2828 interrogandi
1293 2743 1335 2807 ab
1347 2744 1470 2807 Iustino

88 2849 193 2912 616616
208 2849 303 2913 Livio
319 2858 353 2912 et
367 2849 519 2912 Suetonio
536 2871 609 2912 cum
630 2850 816 2912 accusativo
832 2870 989 2932 personae
1004 2849 1106 2932 iungi:
1128 2848 1158 2930 ὅ,
1177 2848 1206 2931 1,
1225 2850 1246 2911 4
1261 2847 1353 2911 ‘alius
1372 2847 1471 2911 alium

88 2951 249 3018 sciscitari'.
281 2955 303 3016 ii
319 2964 437 3035 autem,
454 2955 508 3038 qui
524 2951 719 3036 elegantiore
735 2961 869 3017 utuntur
883 2952 1034 3035 dictione,
1051 2952 1205 3017 sciscitari
1221 2952 1343 3037 aliquid
1358 2974 1401 3016 ex
1416 2952 1471 3015 ali-

89 3079 142 3139 quo
157 3057 273 3122 dicunt.
302 3066 401 3122 restat
416 3066 452 3121 ut
464 3057 572 3121 dicam
583 3058 771 3138 accusativi,
789 3059 845 3143 qui
857 3079 993 3141 graecus
1006 3068 1149 3138 vocatur,
1167 3080 1208 3120 ne
1223 3080 1323 3121 unum
1339 3057 1471 3142 quidem

89 3161 164 3243 apud
177 3162 335 3226 Iustinum
351 3183 403 3224 me
419 3163 600 3248 repperisse
617 3161 812 3246 exemplum.
846 3160 990 3225 consulto
1007 3163 1105 3245 igitur
1121 3163 1204 3225 sicut
1220 3161 1334 3226 Cicero
1350 3160 1470 3225 Caesar

92 3261 243 3330 Cornelius
263 3267 373 3351 Nepos
395 3265 611 3346 Quintilianus
632 3265 685 3330 alii
705 3265 802 3330 talem
823 3267 1045 3330 accusativum
1066 3267 1189 3331 vitavit.
1226 3266 1266 3330 de
1285 3268 1471 3330 accusativo

92 3377 184 3433 autem
199 3372 354 3455 temporis
370 3392 514 3454 agemus,
531 3371 558 3434 si
573 3371 614 3434 ad
631 3370 810 3434 ablativum
826 3373 979 3458 temporis
996 3370 1170 3456 disputatio
1185 3372 1379 3457 pervenerit.

611 3612 663 3679 De
679 3613 845 3696 genetivi
861 3631 941 3680 usu.

182 3785 341 3871 Genetivi,
363 3807 558 3871 quamquam
579 3787 676 3850 etiam
697 3809 772 3851 cum
786 3787 958 3852 adiectivis
974 3798 1006 3852 et
1022 3787 1131 3853 verbis
1151 3790 1365 3874 coniungitur,
1386 3791 1472 3873 prin·

57 3939 58 3942 ,
97 3887 183 3971 ripale
196 3902 304 3956 tamen
321 3893 550 3977 propriumque
566 3891 598 3954 id
615 3902 673 3974 est,
696 3900 730 3956 ut
751 3891 943 3956 substantivi
959 3895 1122 3957 notionem
1142 3895 1324 3957 accuratius
1341 3891 1473 3956 definiat

39 4259 59 4440 l

40 4739 55 4903 l

97 4001 121 4050 ct
138 3997 311 4060 constituat.
344 4018 386 4058 ex
406 3995 467 4060 hac
487 3997 584 4080 igitur
600 3997 743 4079 genetivi
763 4004 881 4060 natura
896 3984 967 4083 ipsa
986 4000 1140 4083 sequitur,
1162 4006 1198 4061 ut
1218 3999 1321 4083 primo
1341 3996 1410 4060 loco
1431 3996 1472 4061 de

98 4091 175 4160 huius
194 4121 285 4163 casus
308 4121 381 4164 cum
406 4100 616 4165 substantivis
638 4101 863 4164 coniunctione
884 4102 1105 4186 quaestionem
1126 4103 1338 4166 instituamus.
1374 4111 1472 4187 atque

97 4197 129 4260 ab
143 4223 177 4264 ca
190 4205 381 4288 incipiamus
398 4213 567 4286 structura,
583 4207 616 4267 in
633 4226 696 4289 qua
712 4205 894 4289 primigena
904 4202 1047 4289 genetivi
1059 4206 1250 4291 significatio
1263 4205 1340 4269 satis
1352 4203 1473 4290 liquide

97 4307 229 4392 (6611161,
249 4330 443 4394 quamquam
459 4331 497 4373 ea
513 4331 610 4394 saepe
626 4330 779 4394 perverse
797 4309 988 4395 explicatur,
1010 4310 1082 4375 dico
1098 4310 1203 4374 mariti
1220 4331 1337 4374 nomen
1353 4309 1473 4373 nomini

97 4411 191 4475 uxoris
205 4413 235 4476 in
247 4414 398 4498 genetivo
411 4413 601 4501 adpositum.
625 4413 820 4478 huiusmodi
836 4414 1022 4500 exemplum
1035 4417 1176 4480 Iustinus
1192 4415 1328 4501 praebet
1346 4414 1395 4496 17,
1408 4414 1439 4495 3,
1453 4415 1472 4476 6

99 4510 353 4581 ‘Andromacham
368 4517 538 4598 Hectoris’,
560 4540 622 4602 quo
638 4518 707 4583 loco
725 4519 751 4581 si
767 4518 993 4605 Fittbogenius
1009 4521 1143 4586 adnotat
1158 4520 1260 4585 ‘uxor’
1279 4542 1349 4584 esse
1364 4528 1473 4583 mente

99 4612 344 4707 intellegendum,
368 4622 403 4687 id
422 4625 456 4686 in
475 4620 604 4689 homine
628 4623 695 4687 eius
714 4624 830 4688 aetatis
849 4624 945 4690 facile
966 4626 1186 4693 excusabitur.
1218 4646 1333 4690 verum
1355 4625 1473 4689 mirum

127 4989 128 4996 ¹
223 4979 334 5047 611
