3225 5092
1357 158 1360 163 ’
1421 205 1479 267 111

101 401 278 484 saepissime
291 399 323 461 in
336 397 426 462 libris
438 400 522 460 inter
534 420 568 460 se
579 396 828 477 confunduntur,
845 395 931 480 quod
944 405 1031 459 certe
1044 418 1106 460 non
1119 398 1298 479 miraberis,
1314 399 1359 462 ita
1374 409 1407 462 et
1421 400 1482 463 hoc

100 504 160 567 loco
178 507 263 568 inter
283 525 317 566 se
337 502 523 588 discrepant
543 501 671 565 codices
691 500 907 584 (invisitatas’
928 503 1014 564 enim
1032 502 1193 586 praebent
1207 502 1481 583 E¹FSAGHQ‚

21 665 22 668 ,
100 610 190 672 661611
200 606 413 693 inusitatas),
426 617 471 688 ut,
480 615 588 670 utrum
596 609 636 669 sit
645 627 846 690 germanum,
860 627 920 690 pro
933 615 1019 669 certo
1027 607 1086 669 vix
1094 609 1245 671 constitui
1256 609 1366 693 possit.
1382 608 1482 672 altero

99 713 160 776 loco
183 713 250 799 (18,
273 717 300 795 1,
321 710 356 796 6)
379 712 521 776 omnium
545 710 692 774 codicum
717 731 876 774 consensu
899 710 1106 775 confirmatur
1128 712 1288 796 scriptura
1311 714 1481 777 ‘inusitata'

100 817 199 881 dativo
219 841 283 882 non
304 819 441 884 adiecto
480 817 628 880 invisus
651 815 681 893 2,
700 814 729 894 8,
747 815 767 877 9
788 816 938 878 ‘invisum
951 865 958 878 .
973 865 980 878 .
993 866 1000 879 .
1014 816 1160 899 senatui',
1183 816 1235 898 26,
1253 817 1283 898 3,
1300 817 1321 880 5
1341 818 1482 902 ‘popula-

99 921 178 985 ribus
194 922 414 1008 militibusque
429 921 506 985 inv.’
530 918 746 984 memorabilis
763 928 811 982 est
825 942 903 982 usus
919 921 1163 1004 praepositionis
1176 920 1283 1006 ‘apud'
1297 921 1399 985 dativi
1413 921 1482 985 loco

21 1019 22 1094 1
100 1028 213 1109 positae
234 1027 286 1112 36,
303 1027 334 1113 2,
355 1027 394 1091 15
415 1027 521 1090 ‘invisi
544 1025 631 1110 apud
651 1024 793 1089 incolas'.
829 1026 1076 1088 necessarius
1098 1026 1198 1111 praef.
1215 1027 1237 1089 4
1257 1026 1417 1110 ‘exemplo
1431 1077 1438 1090 .
1453 1077 1481 1090 ..

20 1184 21 1194 .
99 1131 292 1215 necessaria',
311 1133 339 1213 1,
352 1130 381 1213 8,
394 1131 417 1193 4
432 1131 545 1217 ‘epulis
559 1181 565 1194 .
581 1179 587 1192 .
603 1128 828 1209 necessaria,
844 1129 895 1205 31,
909 1128 974 1210 6,4
989 1127 1082 1192 ‘bello
1102 1131 1305 1194 necessaria’.
1335 1131 1482 1195 meliores

100 1237 263 1321 scriptores
279 1236 550 1321 praepositionem
568 1233 629 1297 ‘ad'
647 1241 813 1317 usurpant.
841 1255 909 1317 1161
924 1233 954 1315 6,
967 1232 997 1316 2,
1012 1233 1053 1295 14
1065 1233 1240 1316 ‘hostibus⁷,
1257 1235 1286 1317 1,
1299 1235 1329 1319 6,
1342 1235 1482 1299 4161111-

99 1338 171 1420 bus',
197 1340 246 1422 13,
268 1339 298 1424 5,
322 1339 360 1402 16
382 1339 557 1424 (1166111116,
583 1338 632 1423 14,
654 1339 683 1420 2,
703 1338 724 1400 4
745 1336 898 1418 ‘viribus',
926 1338 976 1418 16,
996 1337 1027 1421 4,
1049 1337 1089 1400 13
1106 1338 1320 1421 ί611116111611,
1345 1339 1397 1421 31,
1415 1339 1482 1421 6,9
1555 1335 1559 1344 ’

20 1487 22 1526 3
101 1444 273 1528 ‘Romanis',
291 1444 341 1526 31,
354 1444 384 1525 4,
397 1444 431 1525 51
449 1444 500 1523 39,
510 1444 539 1524 3,
551 1443 592 1505 14
606 1442 646 1506 al.
671 1441 913 1527 periculosus
928 1441 980 1522 42,
990 1441 1019 1522 2,
1031 1441 1072 1504 10
1084 1443 1371 1530 ‘periculosamque
1383 1465 1483 1528 regno

20 1623 21 1634 ,
100 1571 148 1612 suo
159 1549 332 1613 virtutem'.
356 1549 600 1635 perniciosus
615 1547 667 1628 23,
683 1548 710 1629 1,
726 1546 767 1608 14
779 1546 961 1631 ‘perniciosi
974 1548 1069 1610 etiarn
1081 1546 1232 1630 regibus'.
1256 1548 1341 1612 ultra
1354 1549 1484 1613 dicendi

99 1653 369 1738 consuetudinem,
390 1675 473 1738 quae
493 1651 687 1737 inprobatis
708 1649 919 1734 scriptoribus
939 1652 1145 1736 conspicitur,
1164 1651 1259 1735 longe
1278 1653 1485 1738 progreditur

99 1756 218 1820 dativus
233 1757 275 1822 ab
292 1757 451 1821 adiectivo
468 1756 642 1842 poenalis
663 1763 757 1840 aptus
772 1755 824 1835 38,
837 1754 900 1835 9,9
917 1755 1097 1838 ‘poenalem
1113 1754 1173 1819 sibi
1189 1758 1373 1822 civitatcm'.
1405 1781 1483 1844 pro·

97 1863 173 1945 pior
193 1872 225 1926 et
247 1864 443 1946 proximus
467 1861 519 1942 44,
532 1860 594 1945 2,1
612 1860 698 1924 ‘feris
720 1860 871 1945 propiora
890 1880 988 1943 quam
1007 1858 1188 1923 hominibus
1208 1861 1358 1946 ingenia’,
1380 1863 1482 1946 1,1,1

20 2009 22 2052 3
98 1966 282 2049 ‘proximam
309 1965 438 2051 (vitam)
465 1965 645 2040 maiestati,
675 1963 724 2044 12,
741 1963 809 2047 5,3
831 1966 910 2046 ‘regi
933 1963 1120 2047 proximus',
1146 1964 1197 2045 13,
1214 1963 1244 2046 2,
1264 1965 1304 2027 12
1325 1968 1403 2049 ‘regi
1428 1990 1483 2031 suo

20 2057 21 2060 ¹
98 2072 248 2153 proximi',
267 2070 316 2152 18,
329 2070 359 2150 3,
373 2070 393 2132 3
405 2071 496 2134 ‘mari
512 2068 716 2154 proximum',
733 2067 783 2148 24,
796 2068 827 2150 5,
842 2067 879 2128 11
895 2067 993 2130 ‘caelo
1009 2068 1212 2151 proximam',
1227 2069 1279 2152 41,
1292 2069 1322 2152 2,
1336 2070 1356 2133 2
1368 2074 1484 2155 ‘proxi-

98 2197 161 2238 mus
176 2175 358 2240 maiestati'.
390 2184 502 2239 contra
517 2174 575 2238 hos
586 2174 673 2238 locos
685 2195 767 2236 unus
781 2180 857 2235 stat:
874 2171 904 2253 8,
917 2171 947 2256 2,
962 2171 1000 2233 11
1017 2172 1073 2236 ubi
1089 2175 1230 2236 omnium
1245 2172 1399 2238 librorum
1412 2198 1485 2239 con-

97 2300 186 2342 sensu
198 2301 257 2364 pro
270 2278 379 2343 dativo
391 2279 585 2364 praepositio
599 2278 636 2342 ‘a’
647 2276 797 2340 traditur:
815 2277 882 2360 ‘qui
892 2299 912 2339 a
924 2276 984 2339 diis
996 2278 1163 2361 proximus
1176 2277 1354 2342 habeatur'.
1379 2302 1484 2365 neque

96 2391 147 2464 est,
167 2406 226 2446 eur
241 2383 325 2446 hanc
346 2385 538 2468 scripturam
557 2384 590 2445 in
611 2382 827 2466 suspicionem
842 2402 1007 2444 vocemus.
1038 2381 1135 2444 immo
1156 2402 1195 2444 ea
1214 2381 1343 2445 dicendi
1363 2387 1483 2466 generi,

96 2509 151 2571 quo
167 2488 328 2551 inferioris
344 2488 458 2550 aetatis
478 2489 659 2571 scriptores,
681 2485 781 2549 veluti
798 2483 926 2548 Curtius
942 2484 1066 2548 Plinius
1083 2484 1255 2549 Suetonius
1271 2486 1324 2550 alii
1340 2498 1483 2575 utuntur,

94 2591 184 2674 plane
200 2593 358 2675 congruit.
382 2601 478 2676 atque
495 2591 740 2656 commendatur
751 2613 789 2654 66
802 2591 899 2653 etiam
912 2589 1007 2653 simili
1019 2599 1181 2654 structura
1192 2593 1282 2654 vocis
1293 2593 1483 2677 secundus,

96 2717 172 2780 quae
188 2695 278 2780 apud
290 2695 448 2759 Iustinum
464 2704 497 2760 et
512 2696 658 2759 dativum
676 2694 805 2781 (11,12,
821 2694 862 2756 14
874 2693 1046 2757 ‘secundus
1063 2694 1149 2780 sibi')
1166 2703 1199 2758 et
1213 2699 1485 2781 praepositionem

19 2807 21 2854 ὲ
94 2800 128 2863 ‘a'
145 2800 285 2864 admittit
302 2799 669 2885 (18,4,516661111166
687 2800 784 2884 regc',
805 2799 933 2881 32,1,9
950 2798 1140 2862 ‘secundum
1160 2822 1179 2862 a
1199 2799 1269 2886 se').
1306 2802 1484 2867 residuus

19 2911 20 2946 ῑ
94 2901 121 2984 1,
133 2906 162 2986 6,
175 2905 196 2968 2
213 2905 291 2989 ‘spei
305 2954 311 2966 .
327 2955 333 2967 .
349 2955 354 2967 .
368 2905 555 2986 residuum’,
576 2905 628 2988 21,
641 2904 704 2986 2,2
721 2903 775 2967 ‘illi
789 2955 795 2968 .
811 2953 818 2965 .
832 2956 838 2967 .
852 2925 975 2988 paucos
993 2904 1154 2988 naufragii
1171 2907 1303 2970 comites
1318 2906 1485 2991 residuos',

19 3013 20 3058 T
95 3009 131 3071 cf.
148 3009 234 3072 Flor.
255 3010 282 3085 1,
302 3008 352 3090 39,
370 3007 391 3071 2
411 3009 586 3090 ‘residuum
600 3059 606 3071 .
622 3060 628 3071 .
644 3010 696 3071 ,in
717 3010 864 3092 captivos
885 3008 1125 3075 saevientibus'.
1160 3031 1283 3092 66661,
1307 3012 1333 3073 61
1354 3012 1383 3075 61
1402 3015 1486 3077 11661

19 3099 21 3134 l
95 3113 206 3176 eadem
220 3113 270 3174 vis
287 3135 326 3175 ac
341 3123 450 3178 nostro
467 3114 496 3196 ‘(
493 3113 578 3176 61661
598 3112 745 3197 Gottlsca't)
761 3113 893 3199 percellat,
908 3113 1068 3198 pehcilipt’,
1089 3137 1200 3178 secum
1219 3114 1319 3179 habet
1340 3115 1485 3182 dativum

19 3269 20 3302 ,
95 3217 143 3301 43,
154 3217 185 3299 2,
199 3218 219 3281 3
236 3219 278 3280 ‘in
294 3217 366 3280 luco
383 3217 479 3280 Marti
496 3217 607 3282 sacro’.
636 3239 733 3302 quam
750 3227 946 3282 structuram
961 3219 1092 3282 Livium
1107 3220 1140 3281 in
1156 3219 1294 3283 solutam
1310 3223 1485 3285 orationem

96 3321 257 3386 induxisse
278 3322 373 3385 docet
388 3323 567 3386 Kuehnast.
582 3346 612 3407 p.
628 3322 699 3385 128.
735 3322 829 3406 probi
851 3345 929 3387 vero
952 3346 991 3386 ac
1014 3323 1132 3386 vetusti
1155 3325 1327 3409 scriptores
1349 3325 1410 3389 hoc
1431 3326 1486 3390 ad·

97 3425 243 3490 iectivum
271 3448 335 3490 non
362 3435 484 3512 ponunt
510 3428 571 3490 nisi
595 3448 668 3490 cum
692 3429 853 3510 genetivo.
892 3427 1046 3491 adiectivi
1073 3427 1265 3491 secundus
1291 3438 1486 3493 structuram

19 3607 20 3618 ,
98 3530 186 3594 modo
202 3530 374 3617 explicavi.
406 3531 543 3594 similis
565 3532 594 3613 1,
612 3532 641 3611 6,
659 3532 679 3594 6
696 3532 857 3594 ‘hesterno
878 3531 1001 3614 labori’,
1024 3531 1054 3613 8,
1067 3531 1130 3613 5,8
1147 3532 1306 3610 ‘excidio’,
1329 3533 1378 3611 11,
1395 3533 1425 3611 5,
1446 3535 1484 3596 11

19 3623 21 3670 l
101 3633 313 3720 ‘tripudianti',
335 3634 590 3716 12,15,5‘sibi',
614 3636 664 3717 13,
683 3635 711 3716 l,
729 3637 748 3698 3
765 3635 935 3717 ‘ludibrio’,
956 3636 1007 3718 36,
1021 3636 1085 3719 3,4
1101 3637 1230 3722 ‘piceis'.
1262 3637 1379 3721 quibus
1399 3637 1485 3716 locis,

101 3757 288 3825 quamquam
308 3742 397 3804 vocis
418 3740 548 3804 ‘similis’
569 3741 656 3824 apud
678 3739 868 3804 Ciceronem
892 3743 1122 3806 constructioni
1142 3742 1197 3827 (de
1218 3765 1282 3827 qua
1302 3765 1376 3806 cum
1395 3742 1487 3805 multi

100 3840 148 3904 alii
171 3854 236 3909 tum
261 3845 481 3929 copiosissime
505 3844 682 3929 disputavit
702 3845 887 3927 Madvigius
908 3846 960 3908 Dc
981 3846 1035 3909 fin.
1053 3844 1083 3927 5,
1106 3846 1136 3928 5,
1158 3844 1212 3930 12)
1236 3869 1300 3910 non
1323 3846 1487 3931 11161616-

102 3959 249 4031 pugnant,
270 3950 304 4013 id
320 3958 425 4014 tamen
447 3949 596 4031 efficitur,
616 3959 652 4013 ut
667 3973 744 4013 vere
761 3950 885 4014 dictum
901 3951 1060 4032 videatur,
1081 3950 1168 4034 quod
1188 3951 1392 4014 contenditur
1412 3951 1487 4015 inde

102 4049 211 4116 aLivii
222 4063 329 4117 aetate
341 4054 451 4118 dativo
462 4056 651 4138 genetivum
665 4055 764 4118 eloco
776 4077 834 4118 suo
846 4056 949 4138 magis
966 4056 1133 4140 magisque
1149 4055 1323 4119 demoveri.
1352 4055 1487 4119 solitus

19 4203 21 4242 ,
104 4151 150 4233 21,
166 4157 230 4238 2,9
251 4158 451 4244 ‘solitamque
475 4159 536 4223 sibi
560 4159 750 4222 saevitiam’.
788 4158 1488 4242 11616611161116111611Τ66.Η161.5,23

19 4271 21 4306 i
105 4259 305 4328 ‘armamenta
316 4263 502 4328 Liburnicis
519 4263 619 4328 solita'
634 4286 651 4327 c
668 4265 904 4349 1166161111(61.
918 4265 1017 4348 Verg.
1031 4264 1113 4328 Aen.
1130 4263 1165 4326 11
1171 4313 1179 4346 ,
1193 4263 1256 4326 383
1271 4264 1327 4339 611
1340 4286 1488 4328 sermone

107 4359 281 4452 desumpsit.
314 4369 433 4431 eximia
449 4369 589 4452 quadam
605 4369 774 4433 insolentia
787 4372 997 4455 conspicuum
1009 4378 1058 4432 661
1068 4368 1265 4432 adiectivum
1281 4367 1487 4451 studiosus,

19 4529 20 4532 ,
108 4464 130 4525 Si
145 4470 268 4554 quidem
285 4495 368 4557 quae
384 4472 413 4554 9,
427 4471 487 4555 8,4
504 4473 669 4537 codicibus
685 4473 866 4555 traduntur,
887 4475 1027 4558 genuina
1047 4481 1134 4536 sunt:
1156 4472 1228 4536 ‘fuit
1246 4495 1306 4536 rex
1326 4495 1489 4538 armorum

108 4588 194 4652 quarn
203 4577 421 4642 conviviorum
430 4577 640 4663 apparatibus
650 4577 841 4641 studiosior'.
858 4577 952 4641 huius
962 4586 1142 4642 structurae
1150 4577 1488 4644 insolentiaadductus
