3225 5092
79 235 143 299 204

78 427 95 491 Ι
112 427 162 509 11,
181 426 252 505 147,
269 426 319 491 ΠΙ
337 426 408 509 156,
425 427 563 491 111865.
587 427 638 491 his
654 448 782 513 quoque
796 426 876 491 locis
894 428 927 505 δή
944 449 1007 491 555
1023 426 1066 491 ad
1078 429 1243 492 enuntiata
1260 428 1469 513 conectenda,

78 532 135 596 sed
150 531 193 596 ad
214 533 282 595 vim
301 531 394 595 verbi
415 534 510 617 primi
527 531 710 616 augendam
730 531 881 596 adhiberi
901 534 1010 617 itaque
1026 531 1088 596 hoc
1104 534 1305 597 enuntiatum
1319 554 1383 597 non
1399 542 1467 597 arte

78 638 225 718 cumeis,
242 658 325 723 quae
345 637 555 729 antecedunt,
569 638 777 701 coniunctum
798 658 869 700 esse
888 638 957 700 iure
978 644 1120 700 statuere
1139 639 1252 720 possis,
1275 638 1351 722 quia
1371 638 1471 702 Hero·
1530 718 1533 723 1

79 741 174 806 dotus
185 743 374 825 gravissImo
388 743 543 806 enuntiati
551 741 652 806 verbo
664 742 840 826 praemisso
853 762 916 803 non
925 762 1055 825 prorsus
1069 740 1111 805 ab
1124 740 1282 826 asyndeto
1293 740 1471 826 abhorruit,

81 845 122 912 cf.
135 845 184 909 VI
199 845 251 927 21,
268 845 335 909 VII
352 846 423 927 105,
439 845 502 909 238
520 855 551 910 51
566 868 615 930 55,
632 866 714 930 quae
730 844 822 909 Stein
838 844 1006 909 adnotavit
1021 844 1064 909 ad
1080 845 1097 908 I
1112 845 1163 910 20.

184 950 308 1031 Quodsi
327 950 414 1014 hunc
434 972 528 1015 usum
543 950 766 1014 Herodoteum
785 948 941 1013 brevibus
963 948 1219 1035 complectimur,
1242 950 1402 1036 particula
1426 953 1470 1031 δή,

80 1055 137 1120 551
149 1058 182 1120 15
194 1057 281 1119 151115
295 1057 530 1120 enuntiatorum
542 1055 607 1121 alia
619 1056 844 1119 coniunctione
859 1076 923 1118 non
934 1053 1062 1119 adiecta
1073 1054 1199 1139 legitur,
1213 1054 1404 1142 plerumque
1419 1055 1472 1120 ad-

79 1159 257 1224 verbialem
273 1162 340 1225 vim
354 1162 493 1226 retinere
508 1160 647 1244 videtur,
664 1161 741 1245 quia
760 1158 809 1222 his
828 1158 907 1222 locis
929 1165 984 1221 aut
998 1180 1066 1222 vox
1087 1159 1196 1245 aliqua
1220 1158 1472 1226 demonstrativa

81 1273 137 1329 aut
151 1265 310 1350 particula
326 1270 377 1343 μέν
392 1266 424 1329 15
439 1268 545 1349 priore
560 1265 706 1330 membro
722 1267 826 1350 posita
842 1271 897 1327 aut
913 1263 1052 1348 denique
1073 1265 1300 1349 gravissimum
1315 1267 1472 1329 enuntiati

79 1368 217 1433 verbum
232 1371 336 1453 primo
351 1369 421 1434 1555
438 1370 627 1435 5511555155
643 1370 784 1456 quodam
799 1368 898 1433 modo
912 1367 1065 1455 supplent
1085 1369 1278 1455 particulam
1298 1370 1472 1434 coniuncti-

80 1495 155 1537 vam
171 1474 331 1557 omissam,
351 1477 480 1539 tametsi
499 1497 725 1561 nonnusquam
745 1498 823 1539 usus
844 1475 938 1539 huius
954 1473 1138 1559 'particulae
1160 1475 1293 1561 propius
1309 1473 1350 1538 ad
1367 1472 1474 1539 simili-

81 1578 227 1641 tudinem
243 1588 425 1644 ceterarum
441 1582 703 1645 coniunctionum
719 1579 979 1645 conclusivarum
995 1577 1132 1643 accedit.

183 1682 274 1747 Intra
286 1684 417 1749 eosdem
425 1684 506 1750 fines
516 1684 726 1770 Thucydides
739 1707 773 1749 se
785 1685 951 1747 continuit.
976 1683 1095 1747 etenim
1107 1681 1195 1767 apud
1207 1705 1280 1748 eum
1293 1693 1364 1770 post
1375 1706 1473 1749 voces

81 1786 362 1871 demonstrativas,
383 1789 499 1875 quibus
519 1791 704 1875 praemissis
725 1791 823 1853 etiam
844 1786 1027 1873 asyndeton
1046 1786 1185 1871 admisit,
1203 1787 1244 1852 cf.
1258 1786 1275 1850 I
1290 1787 1341 1872 54,
1361 1777 1388 1871 1,
1405 1788 1472 1853 1111

81 1890 132 1975 39,
149 1890 169 1955 2
190 1901 222 1955 51
242 1891 394 1958 Gebauer
413 1895 446 1957 in
462 1894 512 1959 ed.
530 1894 609 1979 Lys.
622 1916 654 1979 p,
672 1893 746 1975 250,
762 1892 956 1977 particulam
977 1892 1010 1970 δή
1031 1892 1213 1958 invenimus
1235 1892 1325 1957 hisce
1345 1891 1440 1957 locis:
1456 1893 1473 1956 1

83 1995 155 2080 127,
175 1996 202 2078 l,
218 1997 249 2061 V
264 1996 317 2079 43,
335 1998 352 2059 1
369 2001 439 2059 κατὰ
454 2002 576 2075 15151155
593 2000 627 2075 δὴ
645 2000 783 2080 διαφοράν,
795 1995 879 2059 VIII
892 1995 943 2079 85,
958 1996 974 2058 1
992 1998 1062 2058 κατὰ
1078 1998 1112 2073 δὴ
1128 1999 1250 2075 τοιαύτην
1267 1998 1405 2079 διαφοράν,
1421 1996 1473 2083 95,

81 2099 102 2165 5
118 2102 161 2163 διὰ
176 2105 300 2178 τοιαύτης
316 2104 349 2179 δὴ
364 2110 552 2183 παρασκευῆςς
569 2102 600 2166 V
615 2102 666 2179 64,
683 2101 705 2165 2
721 2110 754 2166 51
769 2100 853 2165 VIII
869 2100 921 2183 56,
938 2100 1074 2179 55161,
1091 2100 1112 2163 3
1128 2104 1241 2164 ἐνταῦθα
1257 2104 1306 2185 δή,
1322 2100 1406 2165 VIII
1422 2100 1474 2185 39,

80 2204 102 2269 4
118 2209 239 2269 ἐντεῦθεν
256 2210 304 2288 &ts
320 2206 354 2270 Π
369 2207 399 2289 6,
416 2208 437 2271 3
452 2211 521 2269 obre
538 2209 582 2289 δή,
598 2207 749 2292 idemque
764 2204 835 2270 ΠΙΙ
847 2205 899 2291 30,
916 2206 946 2290 3,
962 2205 1019 2270 551
1031 2204 1157 2269 facilius
1169 2208 1276 2269 estaol
1287 2226 1474 2291 expungere

81 2332 177 2396 quam
193 2313 226 2375 in
241 2314 300 2373 ἐπεί
314 2320 449 2376 mutare.
473 2313 548 2377 huic
565 2312 787 2397 exemplorum
802 2310 915 2394 generi
930 2309 1150 2395 adsignandus
1166 2309 1244 2375 mihi
1261 2332 1331 2375 csse
1347 2311 1475 2376 videtur

81 2415 171 2479 locus
187 2415 323 2479 multum
339 2425 478 2481 vexatus
494 2416 510 2480 I
528 2417 600 2498 141,
619 2417 635 2479 1
654 2421 764 2479 αὐτόθεν
787 2418 821 2493 δὴ
839 2419 1011 2499 uisoque,
1029 2418 1119 2480 cuius
1140 2418 1244 2501 primo
1260 2415 1361 2480 verbo
1381 2418 1474 2500 signi·
1575 2458 1577 2462 -

80 2520 171 2583 ficari
186 2529 332 2584 nostrum
351 2521 418 2607 auf
431 2522 488 2585 der
502 2520 596 2586 Stella
610 2523 715 2606 magis
730 2524 899 2606 magisque
920 2523 1123 2585 consentiunt
1139 2521 1200 2583 viri
1220 2519 1315 2585 docti.
1347 2520 1405 2584 sed
1421 2520 1475 2585 de·

81 2627 326 2689 monstrativam
342 2628 408 2689 vim
423 2629 457 2705 15
473 2649 512 2691 55
528 2648 608 2691 voce
623 2629 730 2692 inesse
746 2629 844 2690 etiam
856 2625 970 2689 Bonita
987 2626 1155 2702 concessit,
1173 2646 1247 2689 cum
1259 2624 1340 2689 haec
1353 2624 1476 2690 diceret

81 2730 114 2792 in
129 2729 247 2811 libello,
264 2732 319 2816 qui
334 2732 521 2797 inscribitur
532 2732 685 2815 Beitrage
701 2754 758 2794 zur
769 2728 957 2813 Erklttrung
969 2729 1026 2794 des
1039 2728 1259 2815 Thucydides,
1272 2751 1302 2814 p.
1316 2730 1372 2793 33:
1389 2730 1475 2794 Duas

82 2856 112 2897 es
128 2833 221 2898 dubei
233 2837 380 2898 55555551
396 2838 509 2899 hausen
524 2858 596 2919 1555
613 2834 821 2898 (5555115155
836 2857 895 2897 555
911 2834 1010 2897 da'eser
1026 2833 1117 2918 Lupe,
1134 2856 1191 2898 555
1207 2834 1311 2897 dusera
1333 2834 1475 2899 15551115-

82 2940 141 3003 dea
157 2941 236 3019 555,
253 2939 381 3003 5555551
395 2942 479 3003 nicht
493 2940 648 3026 peleupnet
663 2963 701 3002 aa
714 2940 846 3003 werden.

185 3045 316 3110 Deinde
331 3045 543 3132 Thucydides
559 3047 641 3109 sicut
657 3044 851 3129 Herodotus,
868 3043 926 3107 sed
942 3044 1042 3107 multo
1059 3045 1162 3107 rarius
1181 3045 1214 3121 δή
1235 3046 1281 3107 515
1302 3045 1476 3109 enuntiatis

83 3152 205 3232 inserit,
223 3172 358 3236 quorum
378 3172 442 3214 uno
463 3150 619 3230 membro,
640 3151 756 3233 inquo
777 3154 828 3225 μέν
849 3150 948 3234 55511,
970 3156 1095 3233 partem
1115 3149 1307 3212 narrationis
1327 3147 1476 3234 absolvit,

83 3254 183 3319 altero
194 3255 341 3320 membro
352 3277 484 3319 narrare
501 3256 616 3339 pergit.
642 3256 732 3317 cuius
744 3256 871 3336 generis
884 3251 1043 3337 asyndeta
1058 3251 1210 3336 leguntur
1225 3251 1241 3313 I
1257 3252 1308 3334 36,
1324 3252 1359 3333 43
1376 3251 1429 3335 54,
1446 3251 1476 3336 2,

83 3359 118 3422 II
134 3359 164 3442 5,
182 3360 211 3442 6,
229 3359 281 3423 ΙΙΙ
296 3359 349 3442 28,
366 3358 395 3422 2.
428 3359 621 3444 particulam
637 3360 671 3437 δή
687 3367 796 3421 autem
813 3356 969 3421 exhibent
992 3356 1023 3420 hi
1039 3355 1114 3420 loci:
1136 3355 1219 3439 153,
1236 3356 1266 3438 3,
1283 3356 1317 3420 II
1332 3357 1362 3433 4,
1380 3357 1409 3440 1,
1425 3356 1477 3421 III

83 3465 139 3549 24,
156 3465 191 3549 3,
207 3463 275 3528 IIII
289 3464 365 3549 119,
384 3464 417 3549 3,
435 3464 465 3527 V
483 3463 558 3541 113,
577 3464 694 3550 quibus
714 3462 792 3527 locis
819 3462 966 3528 omnibus
989 3482 1166 3547 pronomen
1189 3460 1477 3525 demonstrativum

82 3568 213 3654 legitur3
231 3568 322 3633 deest
337 3567 416 3633 illud
431 3568 448 3632 I
463 3567 515 3653 45,
532 3568 553 3631 4
569 3578 601 3632 51
616 3568 685 3631 IIII
700 3568 752 3652 39,
769 3568 799 3632 3.

187 3674 251 3739 Sed
267 3676 330 3738 iam
348 3674 389 3738 de
405 3674 531 3738 duobus
547 3675 624 3739 locis
636 3673 713 3738 mihi
729 3673 904 3738 dicendum
920 3681 968 3735 est
984 3671 1079 3757 plane
1096 3670 1323 3754 singularibus,
1340 3692 1477 3756 quorum

83 3779 194 3861 altero,
210 3779 227 3843 I
244 3780 315 3862 142,
334 3779 363 3862 1,
379 3781 587 3865 interrogatio
607 3778 734 3863 legitur,
755 3800 838 3861 quae
858 3776 1018 3861 particula
1038 3779 1072 3853 δή
1092 3778 1268 3840 5551551155
1288 3783 1363 3839 5515
1382 3777 1478 3840 inter-

84 3884 260 3949 clusionem
276 3885 339 3947 οὺδὲ
353 3887 406 3966 γὰρ
422 3888 557 3960 ὑμεῖς-
573 3884 732 3965 ἐξείργασθέ
747 3906 791 3943 πω
807 3881 982 3946 5511555155
1000 3880 1196 3961 adnectitur3
1213 3880 1315 3962 alteri,
1331 3878 1429 3964 1189,
1446 3878 1477 3964 4,

84 3992 327 4054 consecutivum
343 3989 575 4052 sententiarum
591 3996 780 4052 contextum
797 3986 931 4051 subesse
948 3984 1194 4049 concedendum
1206 3993 1266 4066 est,
1282 4004 1477 4069 quamquam
1497 4054 1501 4061 ,

84 4094 182 4158 etiam
204 4093 266 4157 hoc
288 4091 359 4157 1555
382 4092 541 4178 particula
564 4095 599 4170 δή
622 4114 723 4177 prope
745 4092 973 4175 imperativum
997 4091 1100 4173 posita
1118 4090 1183 4153 vim
1197 4110 1288 4151 suam
1303 4089 1477 4174 propriam,

84 4199 341 4264 confirmativam
357 4198 440 4280 dico,
457 4198 534 4261 satis
548 4196 719 4261 manifesto
732 4195 881 4259 ostendit.
915 4194 1029 4279 quodsi
1045 4194 1132 4258 illam
1147 4194 1430 4277 interrogationem
1447 4201 1479 4256 et

83 4303 170 4369 hunc
189 4304 420 4389 imperativum
438 4302 656 4387 neglegimus,
674 4299 885 4386 Thucydides
906 4300 1164 4364 coniunctionem
1188 4300 1222 4376 δή
1241 4320 1308 4362 555
1330 4296 1479 4361 adhibuit

83 4411 145 4473 nisi
161 4419 233 4494 post
248 4431 361 4474 vocem
377 4409 663 4473 demonstrativam
676 4414 730 4469 aut
743 4405 937 4491 particulam
950 4408 1010 4485 μέν,
1023 4403 1172 4487 qualibus
1184 4402 1263 4467 locis
1276 4403 1373 4465 etiam
1385 4423 1478 4485 asyn-

85 4514 160 4578 deta
180 4514 317 4578 admisit.
349 4516 461 4599 itaque
482 4534 545 4576 non
565 4512 649 4577 bene
665 4511 817 4595 Krueger
832 4510 848 4573 I
865 4510 916 4592 37,
934 4507 1067 4573 251111
1084 4508 1135 4590 61,
1152 4507 1172 4571 2
1189 4510 1222 4584 δή
1238 4510 1272 4570 15
1291 4515 1417 4570 textum
1431 4526 1478 4569 re-

85 4619 171 4703 cepit
188 4626 301 4681 contra
322 4616 471 4682 codicum
492 4618 726 4698 auctoritatem,
747 4636 808 4679 nec
829 4614 914 4679 bene
931 4612 1064 4677 Classen
1080 4611 1152 4675 IIII
1168 4610 1221 4694 40,
1240 4611 1257 4673 1
1276 4613 1308 4689 δή
1328 4633 1387 4696 pro
1408 4631 1480 4674 con-
