3225 5092
1435 239 1477 308 59

82 436 361 520 Eyssenhardtius
377 446 410 500 et
421 436 620 521 Breysigius,
636 437 709 522 plus
725 461 824 523 quam
838 459 898 523 par
913 446 983 502 erat
997 461 1016 502 a
1032 439 1190 523 scriptura
1204 435 1323 501 tradita
1337 435 1479 499 recessit.

81 541 361 626 Eyssenhardtius
387 541 487 622 enim,
514 563 587 606 cum
608 541 782 607 ‘Theseum
803 542 867 627 qui’
887 545 921 605 in
943 541 1188 627 ‘Theseumque'
1209 551 1297 605 recte
1316 548 1480 622 mutasset,

82 645 299 730 ‘genitorum’,
317 645 403 730 quod
420 645 549 710 codices
565 645 732 732 praebent,
748 657 785 710 ut
799 647 842 712 ad
859 648 1007 732 copulam
1020 647 1110 711 ‘esse’
1123 645 1295 710 accederet
1305 644 1482 730 praedicati

83 752 301 833 accusativus,
323 753 357 814 in
373 751 537 835 ‘geminos’
560 759 592 814 et
612 751 754 833 ‘eorum’,
775 761 851 816 ante
875 752 960 837 quod
980 753 1196 837 interpunxit,
1218 749 1372 814 dissolvit.
1408 771 1483 812 cum

83 864 195 919 autem
216 854 381 920 obiectum
403 857 592 940 requireret,
616 855 658 919 ad
682 854 766 940 quod
792 856 997 941 ‘possidendi’
1019 856 1165 936 verbum,
1187 857 1277 920 cuius
1300 853 1483 918 subiectum

84 960 208 1022 ‘eorum
224 959 423 1024 memoriam'
441 981 511 1023 esse
528 959 589 1023 sibi
605 959 746 1044 quidem,
772 960 829 1023 sed
852 962 911 1023 vix
925 960 996 1025 aliis
1012 962 1186 1045 persuasit,
1209 960 1399 1045 pertineret,
1424 979 1482 1044 pro

83 1085 132 1145 eo,
150 1062 240 1147 quod
256 1062 386 1127 codices
403 1063 561 1129 exhibent
577 1064 751 1150 ‘populum’
768 1064 939 1128 lectionem
960 1063 1154 1130 substituere
1174 1073 1303 1128 coactus
1320 1072 1377 1147 est,
1399 1083 1481 1147 quae

84 1168 148 1230 iam
173 1166 254 1232 nihil
278 1167 346 1231 fere
373 1190 446 1233 oum
473 1170 633 1254 scriptura
660 1169 780 1234 tradita
807 1192 976 1234 commune
1002 1167 1114 1248 habet,
1151 1170 1278 1254 scripsit
1304 1169 1389 1232 enim
1416 1167 1482 1230 ille:

86 1275 210 1338 ‘eorum
224 1274 413 1336 memoriam
428 1272 515 1337 hunc
531 1273 638 1338 locum
657 1272 826 1359 possidere
841 1274 931 1356 ide0,
953 1273 1040 1358 quod
1050 1325 1056 1337 .
1068 1324 1074 1336 .
1086 1274 1103 1337 .'
1129 1281 1241 1336 contra
1255 1272 1443 1357 Breysigius
1467 1295 1484 1337 e

86 1379 249 1461 scriptura
273 1378 472 1460 ‘genitorum’
501 1377 581 1443 nihil
605 1378 693 1443 aliud
716 1401 814 1464 quam
837 1380 1055 1463 ‘geminorum'
1079 1377 1272 1442 eliciendum
1298 1399 1369 1441 esse
1393 1377 1483 1441 vidit.

92 1481 149 1544 sed
166 1503 243 1545 cum
260 1490 291 1544 et
306 1483 376 1567 ipse
392 1482 626 1568 praedicatum,
644 1483 729 1568 quod
745 1484 787 1548 ad
804 1483 954 1568 copulam
970 1482 1060 1546 ‘esse'
1078 1481 1259 1562 accederet,
1277 1480 1486 1568 desideraret,

89 1606 171 1649 voce
189 1585 265 1670 ‘qui’
282 1596 355 1671 post
367 1587 458 1650 ‘esse'
471 1589 666 1673 transposita
680 1590 765 1651 inter
777 1586 973 1652 ‘Herculem'
989 1596 1086 1671 atque
1098 1585 1278 1650 ‘Theseum'
1295 1585 1486 1670 particulam

89 1691 138 1754 ‘et'
163 1690 315 1772 inseruit,
345 1689 531 1776 ‘possidere’
559 1700 667 1756 autem
693 1694 727 1755 in
750 1691 935 1777 ‘possident'
961 1691 1180 1756 commutavit.
1220 1690 1337 1777 quibus
1361 1694 1485 1757 mutati-

89 1793 217 1876 onibus,
240 1795 297 1858 etsi
317 1817 381 1859 non
403 1796 569 1879 graviores
586 1804 669 1877 sunt,
689 1819 752 1860 non
769 1819 849 1881 opus
865 1818 933 1859 esse
949 1795 1088 1876 videtur,
1109 1794 1203 1860 modo
1223 1805 1402 1879 teneamus,
1422 1818 1486 1860 non

87 1897 220 1982 Nigidii,
237 1898 295 1962 sed
311 1898 502 1963 scholiastae
518 1898 599 1964 haec
616 1922 686 1964 esse
702 1901 804 1964 verba
816 1900 996 1983 referentis,
1013 1922 1095 1985 quae
1106 1899 1194 1986 apud
1206 1899 1296 1965 illum
1307 1903 1485 1965 invenerat.

88 2024 161 2065 eum
183 2004 270 2066 enim
294 2004 454 2089 interpres
471 2004 659 2069 Germanici
681 2008 745 2070 iam
768 2008 897 2070 tertiam
918 2004 1073 2090 eNigidii
1096 2027 1193 2090 opere
1217 2005 1360 2090 proferat
1380 2005 1486 2070 Gemi-

88 2129 203 2170 norum
214 2106 475 2192 explicationem,
488 2109 672 2174 mirandum
684 2131 749 2174 non
762 2120 819 2192 est,
833 2111 921 2196 quod
932 2110 1102 2174 brevitatis
1114 2109 1274 2175 studiosus
1286 2112 1332 2174 sic
1345 2113 1486 2196 scripsit:

89 2215 190 2293 ‘sunt,
212 2212 267 2295 qui
285 2211 398 2275 dicunt
416 2212 593 2278 Herculem
608 2213 837 2300 Theseumque
859 2236 929 2278 esse
949 2215 1009 2299 (se.
1028 2215 1101 2279 ‘eos’
1113 2217 1133 2278 i.
1148 2235 1175 2278 e.
1190 2213 1399 2302 Geminos).1)
1426 2213 1487 2279 Ge·

87 2317 249 2379 minorum
272 2317 691 2402 memoriam.,.p0ssidere
715 2317 774 2406 (sc.
797 2322 872 2383 ‘eos'
891 2321 910 2381 i.
929 2341 956 2384 e.
975 2319 1151 2384 Herculem
1171 2318 1427 2406 Theseumque),
1453 2319 1488 2383 hi

87 2418 176 2504 quod
199 2419 328 2484 du0.‚.'
361 2423 548 2486 coniectura
567 2430 685 2505 autem,
710 2445 774 2507 qua
789 2424 980 2509 Breysigius
1001 2446 1019 2486 e
1040 2424 1217 2510 depravato
1238 2424 1291 2488 illo
1312 2423 1487 2510 ‘populum'

87 2525 200 2588 effecit
212 2523 409 2609 ‘publicam',
426 2524 526 2590 solam
542 2528 734 2591 sententiam
750 2530 776 2590 si
793 2537 929 2613 spectes,
946 2525 1122 2614 probabilis
1137 2536 1195 2592 est.
1224 2529 1281 2594 sed
1297 2528 1489 2593 emendatio-

7 2633 9 2644 ’
86 2650 173 2710 nem,
205 2650 270 2712 qua
295 2628 435 2694 eundem
460 2652 590 2694 sensum
613 2629 738 2696 facilius
763 2633 980 2708 restituamus,
1004 2642 1133 2717 praesto
1163 2654 1234 2696 esse
1256 2642 1348 2718 puto:
1376 2645 1489 2718 aperta

8 2745 13 2808 ζ
86 2734 217 2798 litterae
233 2733 272 2796 ‘a’
289 2733 393 2797 forma
409 2735 441 2796 in
459 2757 556 2799 causa
571 2736 641 2816 fuit,
657 2744 693 2799 ut
709 2736 885 2820 ‘populum'
903 2746 1047 2801 oreretur
1062 2759 1105 2800 ex
1121 2736 1351 2822 ‘propalam'.
1449 2771 1452 2776 Δ

195 2837 310 2923 Aeque
330 2839 502 2903 manifesto
523 2848 710 2925 corruptum
731 2862 801 2903 esse
823 2863 896 2905 eum
912 2841 1029 2924 locum,
1051 2843 1105 2925 qui
1125 2840 1212 2926 apud
1229 2843 1342 2926 Breys.
1356 2866 1387 2927 p.
1401 2842 1452 2924 86,
1469 2844 1489 2906 6

86 2942 217 3026 legitur,
239 2942 379 3007 editores
399 2965 531 3028 prorsus
552 2942 674 3027 fugisse
694 2945 834 3008 videtur.
870 2945 916 3008 ibi
937 2946 1023 3010 enim
1041 2944 1124 3008 haec
1144 2955 1288 3010 exstant:
1311 2944 1490 3011 ‘Aristaeus

87 3047 209 3110 dicitur
236 3047 386 3112 omnibus
413 3048 518 3112 modis
550 3047 737 3133 artibusque
768 3049 887 3113 adfinis
917 3048 1031 3134 fuisse,
1064 3049 1182 3135 quibus
1213 3050 1337 3115 artibus
1367 3060 1490 3115 ceteros

86 3150 299 3215 homines...’
337 3153 415 3237 quid
437 3151 543 3217 ‘modi’
566 3151 627 3216 sibi
648 3153 747 3217 velint
766 3155 860 3217 iuxta
880 3154 1001 3235 ‘artes',
1028 3157 1218 3239 praesertim
1244 3177 1317 3219 cum
1339 3166 1492 3240 sequatur

88 3255 219 3341 ‘quibus
235 3257 382 3339 artibus',
406 3256 550 3341 intellegi
566 3259 686 3342 nequit.
718 3260 838 3342 itaque,
859 3267 895 3322 ut
909 3259 999 3323 locus
1015 3258 1131 3344 planus
1147 3257 1249 3340 fieret,
1270 3262 1491 3344 propositurus

8 3403 11 3424 ,-
88 3382 193 3424 eram:
212 3361 429 3425 ‘omnismodi
445 3361 590 3445 artibus',
613 3383 687 3426 eum
702 3363 857 3446 magister
873 3384 997 3426 summo
1013 3384 1109 3447 opere
1126 3362 1291 3444 colendus,
1312 3363 1490 3449 Harteliusr,

8 3523 10 3548 3
86 3463 350 3530 emendationem
370 3465 508 3550 perfecit
527 3469 675 3531 restituta
694 3488 785 3548 voce,
811 3489 874 3552 qua
903 3469 967 3532 iam
987 3467 1091 3531 Varro
1108 3466 1147 3530 L.
1160 3468 1199 3532 L.
1213 3468 1288 3550 VH,
1305 3469 1344 3532 61
1358 3469 1402 3535 M.
1415 3493 1492 3535 usus

8 3597 11 3650 ς
86 3579 153 3634 est:
170 3571 427 3634 ‘omnimodis'.
451 3570 535 3655 fugit
547 3571 686 3636 editores
699 3572 795 3635 etiam
808 3570 971 3654 mendum,
989 3571 1076 3658 quod
1089 3581 1138 3635 est
1149 3574 1182 3636 in
1194 3572 1244 3636 his
1255 3573 1365 3638 verbis
1378 3574 1423 3661 (p.
1438 3575 1490 3658 86,

90 3675 127 3736 11
152 3672 230 3760 sq.):
256 3675 318 3738 ‘res
340 3674 466 3739 divinas
490 3676 631 3739 maxime
654 3675 735 3759 Iovi,
760 3676 896 3760 parenti'
921 3675 956 3759 (i.
975 3698 1001 3739 e.
1020 3674 1189 3761 Apollini),
1214 3676 1385 3763 ‘Neptun0,
1409 3679 1489 3761 aliis,

8 3797 10 3848 ζ
89 3778 341 3864 tempestatibus
358 3788 390 3842 et
410 3781 516 3842 ventis
533 3801 657 3844 summa
674 3778 842 3864 diligentia
858 3801 996 3864 precans
1012 3779 1163 3845 faciebat'
1181 3780 1388 3867 (Aristaeus).
1420 3795 1493 3868 post

9 3885 10 3888 ’
91 3881 193 3947 ‘alios'
212 3885 297 3947 enim
317 3886 383 3948 iam
403 3904 467 3947 non
483 3883 573 3947 locus
590 3893 637 3948 est
654 3884 911 3969 ‘tempestatibus
927 3894 959 3948 et
973 3886 1090 3948 ventis'
1107 3888 1406 3952 commemorandis.
1434 3888 1492 3952 sed

88 3988 196 4072 ipsum
211 3986 291 4052 illud
308 3987 399 4052 ‘aliis'
418 3997 504 4053 stare
524 3991 645 4073 nequit,
667 4010 741 4053 cum
755 3991 777 4052 ii
793 3991 983 4053 nominatim
999 3989 1193 4074 indicentur,
1214 3991 1331 4075 quibus
1351 3996 1491 4058 maxime

88 4091 259 4156 Aristaeus
275 4115 327 4156 res
344 4092 470 4157 divinas
487 4093 609 4157 feeerit.
646 4096 754 4178 itaque
776 4093 985 4158 scribendum
1002 4116 1119 4158 censeo
1141 4095 1212 4159 ‘diis
1228 4095 1491 4181 Tempestatibus

9 4227 14 4268 4
90 4205 121 4258 et
136 4195 274 4260 Ventis'.

9 4279 13 4300 ἱ
192 4299 230 4363 P.
244 4299 295 4383 88,
309 4301 329 4364 3
342 4321 411 4385 sqq.
426 4301 539 4387 Breys.
553 4301 705 4386 leguntur
716 4301 812 4364 haec:
830 4302 877 4366 ‘eo
892 4304 949 4384 ’(in
960 4303 1163 4389 Aegyptum)
1178 4302 1327 4389 ‘Typhon
1341 4310 1493 4371 convenit

91 4415 120 4467 et
143 4406 308 4468 neminem
333 4405 468 4470 deorum
492 4405 537 4468 ibi
560 4406 651 4470 videt
673 4405 843 4470 adversari
867 4407 1008 4488 sibimet,
1033 4430 1171 4471 vacuam
1194 4418 1314 4473 terram
1337 4412 1491 4494 cognovit

196 4613 217 4678 ¹)
230 4615 344 4664 Brevius
357 4617 437 4665 etiam
451 4615 589 4680 Ampelius
601 4615 636 4678 11,
647 4617 674 4664 3:
690 4617 760 4664 ‘sunt
773 4617 821 4681 qui
834 4617 924 4666 dicant
937 4617 1083 4667 Herculem
1098 4622 1125 4666 et
1138 4618 1289 4668 'Theseum’
