3225 5092
2977 196 3017 260 9

235 401 402 462 inter
446 419 605 482 quos
645 397 892 481 Nigidii
933 396 1424 461 commentarios
1470 395 1689 457 fuisse.
1768 415 1844 456 ea
1893 392 2137 474 saltem,
2186 413 2352 477 quae
2400 392 2520 452 snb
2564 392 2861 452 lemmate
2893 388 3021 452 Ex*

234 503 467 589 pulsim
516 503 596 565 iis
626 493 873 584 Nigidii
921 499 1160 577 verbiS‚
1205 520 1370 585 quae
1411 521 1608 585 supra
1649 497 1853 579 attuli,
1895 495 2312 584 praecedunt,
2342 504 2612 580 ,sumpta
2644 516 2676 556 e
2712 496 3021 556 Varronis

237 606 416 672 ‘Sera
469 602 752 692 parecte’
812 603 979 691 (sive
1036 602 1334 691 ‘Serapi')
1395 605 1609 684 satira,
1678 611 1741 665 et
1786 603 1929 686 ipsa
1986 603 2116 665 iam
2174 624 2215 665 a
2264 600 2524 684 Nigidio
2596 600 2817 660 adlata
2881 620 3017 660 esse

237 711 559 774 videntur.
660 713 876 795 itaque
937 731 1064 773 non
1134 711 1270 773 sine
1337 706 1792 794 probabilitate
1852 708 2162 790 conicias,
2234 706 2608 791 primarium
2680 704 2845 768 illins
2913 704 3017 764 ad-

237 814 608 879 verbiorum
657 815 953 898 glossarii
998 813 1242 879 fontem
1281 812 1525 895 Nigidii
1573 834 1733 896 opus
1779 811 1996 892 fuisse,
2044 811 2197 874 licet
2239 809 2392 874 talia
2440 808 2756 892 exempla„
2809 808 3021 892 qualia

231 929 382 984 sunt
427 941 489 1004 p.
528 919 646 982 127
693 942 742 984 s,
773 941 836 982 v.
872 919 1184 982 Insanum
1241 939 1325 980 ex
1371 916 1655 981 Sallustii
1709 916 1853 979 hist.
1895 915 1935 979 l.
1977 915 2064 980 II.
2106 925 2172 978 et
2228 937 2289 998 p.
2337 912 2452 976 14ῗ
2504 936 2548 976 s.
2588 936 2644 976 v.
2692 912 3017 976 obseram-

231 1023 464 1088 danter
503 1045 539 1086 e
578 1023 823 1108 Nigidii
872 1023 952 1087 de
999 1021 1121 1085 diis
1166 1021 1276 1086 lib.
1309 1020 1384 1103 L,
1419 1043 1454 1083 e
1494 1018 1740 1104 Nigidii
1788 1021 2259 1084 commentariis
2306 1020 2748 1102 grammaticis
2793 1016 3017 1080 hausta

229 1149 371 1191 esse
418 1137 743 1212 nequeant
787 1135 980 1211 atque
1028 1129 1219 1190 etiam
1274 1125 1733 1190 adverbiorum
1785 1127 1852 1189 in
1901 1125 2025 1190 ‘im'
2074 1124 2499 1188 desinentium
2556 1132 2813 1208 praeter
2865 1120 3017 1184 illud

233 1231 829 1295 ‘indiscriminatim'
889 1230 1192 1315 exempla
1246 1229 1554 1294 nonnulla
1607 1229 1869 1294 aliunde
1923 1231 2126 1315 petita
2181 1231 2323 1293 sint.
2424 1228 2488 1292 id
2544 1248 2696 1288 vern
2752 1248 2877 1288 non
2937 1228 3021 1288 ita

235 1336 401 1413 dico,
447 1338 631 1420 quasi
679 1346 999 1422 putarem,
1050 1335 1421 1420 exemplum
1469 1357 1532 1421 p.
1570 1334 1713 1416 178,
1748 1335 1830 1398 26
1864 1358 1911 1398 s,
1945 1357 2005 1400 v.
2041 1334 2328 1399 Tractim
2368 1356 2404 1396 a
2436 1332 2644 1396 Noni-:J
2688 1356 2768 1396 ex
2811 1332 3017 1396 Plauti

228 1440 704 1525 Amphitruone
746 1439 1064 1524 prolatum
1105 1461 1190 1503 ex
1222 1442 1681 1504 commentario
1713 1437 2023 1504 Sisennae
2064 1441 2334 1525 petitum
2372 1464 2540 1516 csse,
2585 1460 2776 1520 quem
2809 1436 3017 1500 Plauti

229 1546 648 1630 interpretem
679 1542 957 1608 eundem
981 1543 1469 1629 Amphitruonis
1500 1542 1715 1608 locum
1747 1543 1827 1629 (I,
1859 1545 1913 1627 1,
1945 1543 2063 1608 157
2100 1544 2275 1628 ‘quid
2316 1548 2364 1606 si
2408 1564 2524 1624 egi]
2556 1544 2736 1604 illum
2766 1544 3017 1604 'crat-tim

227 1659 523 1733 tangam,
581 1657 653 1712 ut
698 1647 1069 1733 dormiatP')
1124 1649 1413 1733 tetigisse
1470 1651 1903 1732 comperimus
1954 1671 2038 1712 ex
2084 1647 2372 1712 Charisii]
2420 1672 2480 1732 p.
2524 1648 2680 1724 2212
2736 1648 2776 1708 i}
2825 1644 3017 1708 Keil„

228 1752 527 1819 ‘tractim'
573 1753 842 1817 Plautus
887 1755 952 1817 in
998 1751 1500 1838 Amphitruone3
1547 1754 1664 1818 ubi
1710 1752 1984 1819 Sisenna
2030 1755 2166 1838 ‘pro
2209 1752 2432 1836 lente}
2483 1756 2712 1836 inquit,
2760 1752 2909 1812 ‘non
2957 1760 3013 1812 ui

232 1858 419 1921 Maro
468 1855 836 1941 Georgicon
894 1865 1122 1943 quarto
1170 1859 1596 1942 “tractimque
1644 1858 2017 1922 susurrant''
2066 1857 2311 1942 inquit’.
2404 1868 2596 1940 atque
2644 1856 2785 1920 aliis
2829 1856 3017 1916 etiam

226 1963 483 2028 duobus
526 1961 684 2026 locis
729 1962 974 2026 Nonius
1023 1983 1174 2024 cum
1219 1960 1494 2026 Sisenna
1541 1965 1893 2048 conspirat:
2162 2033 2164 2036 Α

662 2067 827 2131 Non.
863 2089 926 2152 p.
963 2065 1022 2147 9,
1068 2064 1138 2128 4:
1780 2067 2053 2132 Sisenna
2099 2090 2203 2152 ap.
2240 2065 2484 2130 Charis.
2520 2088 2584 2152 p.
2627 2064 2764 2144 fflss,
2817 2064 2925 2124 24:

230 2172 686 2236 ‘Examussim’
759 2171 996 2234 dicitur
1064 2171 1429 2235 examinate
1492 2171 1575 2235 ad
1684 2172 2116 2236 ‘examussim'
2141 2170 2408 2235 Plautus
2436 2172 2500 2232 iu
2520 2168 3021 2252 Amphitrufflie:

223 2277 518 2362 regulam
563 2275 669 2340 vel
715 2285 1196 2360 coagmentum:
1255 2283 1352 2338 est
1405 2277 1576 2340 enim
1683 2279 2099 2341 ‘examussim
2134 2284 2230 2338 est
2261 2276 2536 2361 optima’.
2612 2276 2716 2336 uhi
2752 2276 3017 2336 Sisenna

224 2382 503 2445 amussis
527 2380 752 2464 regula
775 2379 1126 2462 fabrorum,
1154 2402 1348 2465 quam
1371 2378 1574 2443 archi·
1683 2384 1821 2466 ‘pro
1845 2380 2228 2444 examinato'
2247 2381 2476 2465 inquit.
2512 2384 2785 2444 amussis
2809 2388 3021 2448 autem

223 2487 402 2568 tecti,
453 2507 600 2549 cum
638 2508 800 2570 opus
838 2484 1135 2571 probant,
1182 2483 1444 2549 rubrica
1482 2487 1572 2548 in·
1678 2493 1777 2548 est
1821 2484 2043 2549 tabula
2080 2485 2432 2564 rubricata,
2480 2508 2644 2568 quae
2684 2484 3025 2548 dimittitur

223 2590 454 2654 linunt.
488 2589 758 2654 Plautus
790 2589 1260 2674 Amphitruone
1295 2611 1350 2652 e.
1381 2610 1440 2674 q.
1477 2613 1525 2653 s,
1679 2589 2092 2653 examinandi
2132 2591 2341 2674 operis
2380 2592 2604 2672 gratia,
2656 2616 2732 2652 an
2776 2600 3025 2652 rentum

1680 2715 1839 2778 opus
1887 2704 2128 2777 surgat.

602 2796 768 2861 Non.
803 2819 866 2882 p.
904 2797 1046 2880 179,
1097 2798 1207 2865 30:
1809 2799 2081 2863 Sisenna
2123 2822 2226 2883 ap.
2258 2797 2504 2864 Charis.
2540 2824 2600 2884 p.
2636 2800 2781 2879 2:231,
2829 2800 2897 2860 G.-

224 2902 519 2984 Tuatim,
578 2911 689 2965 tuo
737 2923 933 2966 more.
995 2902 1262 2967 Plautus
1309 2902 1576 2987 Amphi·
1685 2906 1929 2994 tuatim.
1977 2903 2245 2967 Plautus
2276 2906 2343 2967 in
2376 2904 2865 2988 Amphitruone.
2917 2904 3021 2968 uhi

225 3016 487 3071 truone:
537 3006 714 3069 ‘ecce
759 3029 896 3070 rem
944 3009 1072 3071 iam
1112 3009 1340 3071 tuatim
1381 3007 1576 3071 facit.'
1687 3007 1957 3073 Sisenna
1983 3010 2075 3073 ‘ut
2090 3012 2440 3072 nostratim.
2472 3008 2793 3092 significat
2809 3020 3021 3072 auten]

1687 3121 1795 3176 tuo
1838 3112 2056 3177 more'.

225 3216 443 3299 ipsum
474 3223 690 3278 autem
721 3214 1035 3279 Sisennae
1078 3218 1606 3281 commentarium
1637 3215 1847 3280 Nonio
1887 3227 2144 3304 praesto
2184 3217 2376 3281 fuisse
2420 3228 2596 3280 recte
2628 3216 3025 3280 ffishmidtiuffi

234 3317 272 3381 l.
316 3341 366 3383 s,
412 3342 462 3381 S.
505 3341 569 3402 p.
610 3318 691 3381 41
740 3328 956 3402 negat,
1015 3320 1187 3404 quod
1233 3320 1565 3385 ‘Tractim'
1610 3321 1849 3386 lemma
1891 3343 2021 3386 non
2068 3345 2152 3385 ex
2209 3324 2660 3388 commentario
2708 3324 3025 3396 Plautino.

236 3421 349 3487 sed
417 3443 505 3484 ex
549 3422 1005 3488 adverbiorum
1066 3425 1376 3508 glossario
1421 3424 1669 3490 Nonius
1728 3424 2032 3507 hauserit,
2093 3449 2303 3512 neque
2352 3428 2648 3492 ‘Tuatinr
2700 3432 2756 3492 in
2809 3428 3029 3492 *zu-dim

233 3527 533 3591 Plautino
580 3535 694 3590 est.
772 3534 966 3611 atque
1009 3528 1134 3592 hoc
1180 3530 1444 3614 quidem
1493 3539 1946 3614 argumentum
1992 3533 2400 3596 verissimum
2448 3544 2560 3596 est.
2644 3556 2764 3596 nen
2817 3548 3027 3596 antem

234 3630 513 3714 quadrat
558 3629 860 3713 alterum,
909 3632 1083 3717 quod
1128 3633 1377 3718 profert
1424 3633 1851 3719 Schmidtius,
1908 3646 2388 3720 argumentum,
2440 3640 2608 3724 quud
2656 3640 3025 3700 anf-*toribus

243 3733 543 3799 Varrone
589 3736 1055 3801 recentioribus
1099 3737 1347 3802 Nonius
1406 3762 1561 3802 usus
1618 3742 1717 3804 sit.
1810 3762 2002 3825 quam
2049 3741 2131 3806 ob
2186 3763 2324 3805 rem
2372 3744 2456 3820 ei,
2516 3768 2660 3808 num
2708 3744 3021 3828 ‘aliquam

232 3847 302 3902 ut
332 3838 513 3920 dicit,
545 3837 991 3905 Nonianarum
1021 3842 1233 3916 λέξεων
1268 3865 1418 3908 cum
1443 3843 1756 3910 Sisennae
1787 3845 2164 3928 fragmentis
2197 3848 2728 3912 communionem*
2756 3848 3021 3912 suh-affl·-

235 3944 459 4026 negari
501 3954 811 4029 nequeat,
862 3948 1003 4010 veri
1044 3947 1248 4011 simile
1291 3970 1431 4013 esse
1470 3949 1747 4026 videtur,
1790 3952 2072 4015 Nonium
2111 3950 2309 4016 libros
2352 3956 2712 4016 excussisse
2756 3956 3021 4020 Sisenna

236 4046 432 4110 multo
487 4050 908 4132 recentiores,
974 4053 1084 4136 qui
1136 4062 1355 4117 tamen
1411 4054 1494 4119 ab
1551 4055 1689 4118 eius
1745 4057 2003 4140 scriptis
2058 4078 2360 4140 magnam
2416 4070 2668 4140 partum
2724 4060 3021 4124 duxerim

238 4152 569 4234 originem.
669 4153 964 4220 videmus
1018 4157 1216 4240 igitur
1271 4157 1703 4223 Schmidtium
1756 4158 2089 4243 vulgatam
2146 4164 2528 4225 sententiam
2584 4188 2620 4224 a
2680 4164 3025 4228 iliter-heli*-

242 4253 508 4340 Parerg.
543 4279 608 4342 p.
641 4256 767 4321 376
815 4281 954 4344 sqq.
983 4270 1048 4324 et
1089 4260 1213 4325 385
1244 4265 1606 4347 expositam
1654 4273 1945 4328 secutum
1978 4265 2318 4330 Sisennam
2356 4268 2568 4328 Plauti
2616 4272 3021 4352 interpretem

240 4358 514 4423 eundem
575 4369 770 4445 atque
829 4362 907 4428 L.
957 4363 1327 4429 Cornelium
1387 4366 1729 4432 Sisennam
1802 4377 2119 4434 oratorem
2182 4379 2245 4432 et
2312 4394 2528 4436 rui-uin
2592 4372 3021 4436 Humanarum

243 4464 620 4547 scriptorem
675 4465 933 4532 ducere.
1027 4469 1141 4533 sed
1194 4480 1372 4536 recte
1417 4472 1742 4556 Bergkius
1786 4473 2105 4560 Philologi
2150 4485 2193 4539 t.
2238 4476 2624 4560 XXVIIII„
2672 4504 2736 4564 p.
2781 4480 2905 4540 3²20·
2969 4484 3021 4540 ir.

244 4563 420 4630 ‘thes
469 4567 709 4654 philol.'
750 4570 913 4637 haec
954 4575 1313 4639 contendit:
1362 4577 1518 4641 ‘Der
1559 4575 2025 4643 Grammatiker
2058 4579 2343 4660 Sisenna,
2392 4584 2616 4668 inquit,
2664 4584 2829 4668 &arf
2865 4588 3021 4648 nis-fn
