3225 5092
117 227 178 290 194

213 417 287 483 Non
305 418 418 502 paucis
438 425 546 480 tamen
565 414 644 479 locis
662 411 749 478 τοίνυν
768 415 899 480 tertium
918 414 1025 479 locum
1044 414 1177 497 obtinet,
1198 417 1389 501 praesertim
1408 417 1435 478 si
1452 420 1500 490 μέν

112 520 164 585 vel
188 523 221 600 δή
245 521 417 598 antecedit,
442 520 483 584 cf.
500 519 599 604 Gorg.
617 519 684 583 Pal.
702 518 732 600 7,
755 516 876 582 Andl
901 518 972 604 117,
996 519 1120 583 [1123.
1151 521 1229 583 item
1253 521 1279 582 si
1302 522 1503 584 enuntiatum

111 649 132 689 a
146 628 382 712 praepositione
401 627 526 712 incipit,
546 625 733 711 saepissime
753 625 786 688 in
805 624 901 688 tertia
916 624 1072 688 enuntiati
1091 622 1168 690 sede
1189 625 1274 686 τοίνυν
1290 625 1430 710 positum
1445 632 1502 709 est,

113 731 158 794 of.
172 730 249 795 Ant.
263 730 312 795 VI
326 729 368 793 26
389 730 428 803 εἰς
446 734 535 791 ποίντα
553 729 639 791 τοίνυν
663 731 720 809 ἐγὼ
741 734 834 808 ταῦτα,
855 727 896 792 de
910 727 987 792 Ath.
1005 728 1102 813 rep.I
1117 727 1138 790 9
1154 731 1207 790 ἀπὸ
1225 731 1325 791 τούτων
1344 731 1430 791 τοίνυν
1450 735 1502 790 τῶν

111 837 232 918 ἀγᾳθῶν,
248 833 366 899 And.I
383 833 442 897 127
461 836 628 912 perdiscite
647 830 732 895 τοίνυν
753 841 785 896 et
805 833 852 896 sio
872 854 1010 918 semper,
1026 832 1105 919 Lys.
1119 832 1255 898 XXXII
1269 833 1309 896 21
1327 833 1366 908 εἰς
1381 836 1504 908 Διονίοτο

111 943 205 1022 τοίνυν,
222 941 303 1005 Isae.
320 939 388 1004 ΧΠ
405 938 445 1002 10
459 941 526 1022 πρὸς
545 941 647 1012 τούτοις
667 940 763 1023 τοίνυν,
783 939 889 1002 mInus
909 959 1007 1023 saepe
1028 939 1062 1002 in
1083 937 1195 1019 altera,
1211 937 1252 1002 ef.
1266 937 1344 1002 Ant.
1355 938 1394 1002 fr.
1410 939 1426 1000 1
1442 939 1503 1021 περὶ

111 1047 197 1107 τοίνυν
212 1042 259 1127 ὧν,
276 1045 374 1109 lsoor.
387 1043 419 1108 V
432 1042 494 1107 109
508 1044 570 1126 περὶ
585 1043 672 1106 τοίνυν
688 1046 870 1126 Ἡρακλέους,
891 1043 973 1107 Isae.
989 1043 1039 1106 III
1055 1041 1097 1106 72
1113 1045 1146 1104 ἐκ
1160 1046 1245 1105 τοίνυν
1259 1046 1368 1127 τούτων,
1393 1053 1503 1107 eontra

111 1149 209 1214 Isocr.
226 1149 294 1214 XII
315 1148 355 1213 57
379 1151 411 1210 ἐν
424 1152 524 1211 τούτων
544 1150 640 1215 τοίνυν.
671 1169 800 1234 semper
819 1170 897 1213 vero
919 1149 1102 1213 coniunctio
1118 1149 1268 1212 continuo
1282 1155 1356 1233 post
1370 1169 1503 1233 praepo-

115 1255 263 1319 sitionem
283 1253 511 1336 collocabatur,
532 1255 558 1318 si
577 1255 717 1339 primum
736 1252 875 1318 verbum
895 1274 1014 1338 eorum,
1036 1273 1119 1338 quae
1139 1254 1410 1338 apraepositione
1427 1274 1502 1337 pen-

112 1358 200 1440 dent,
221 1358 376 1423 articulus
397 1366 459 1439 est3
483 1378 581 1443 quam
596 1357 702 1441 legem
723 1358 821 1422 etiam
836 1356 1027 1440 Rosenberg
1041 1380 1073 1443 p.
1089 1357 1151 1420 114
1171 1357 1213 1421 ab
1233 1357 1376 1421 Isocrate
1398 1356 1502 1421 obser·

112 1472 223 1527 vatam
239 1483 310 1528 esse
326 1463 494 1544 intellexit,
511 1461 552 1526 cf.
566 1461 645 1546 Lys.
659 1461 796 1526 XXXII
812 1461 863 1544 22,
879 1463 975 1526 Dem.
988 1461 1157 1525 XXVIIII
1172 1461 1223 1524 37.

214 1567 388 1632 Rarissime
400 1576 509 1631 autem
521 1565 600 1630 alias
611 1569 697 1629 τοίνυν
712 1568 890 1632 intertium
905 1567 1062 1630 enuntiati
1073 1565 1181 1630 locum
1192 1573 1387 1647 removetur,
1403 1563 1503 1628 veluti

111 1671 198 1736 And.
210 1673 261 1736 III
272 1671 315 1735 40
330 1674 378 1748 τὴν
399 1673 480 1748 αὐτὴν
500 1673 585 1733 τοίνυν
601 1673 699 1754 ἀρχήν,
716 1670 815 1734 Isoor.
833 1670 933 1734 XVII
948 1669 987 1734 51
1005 1673 1035 1732 τ“ο
1050 1671 1206 1732 τελευταῖον
1225 1671 1322 1751 τοίνυν,
1338 1669 1420 1733 Isae.
1437 1669 1504 1732 XII

112 1776 133 1840 5
150 1779 180 1838 ob
196 1780 277 1854 μόνον
292 1778 387 1857 τοίνυν,
403 1773 485 1840 Plat.
499 1774 633 1840 Theaet.
649 1774 737 1839 145e
750 1778 821 1838 τοῦτ’
837 1777 901 1836 abab
916 1776 1011 1837 τοίνυν.

215 1879 279 1946 Sed
292 1880 463 1965 scriptores
474 1880 668 1965 posteriores
680 1879 753 1965 plus
766 1878 827 1943 sibi
839 1881 872 1943 in
885 1901 923 1944 ea
935 1900 971 1942 re
982 1876 1195 1961 indulserunt,
1207 1877 1307 1943 veluti
1319 1876 1504 1964 Xenophon

110 1987 195 2048 τοίνυν
206 2006 334 2069 semper
345 1983 413 2048 fere
425 2007 445 2048 a
456 1987 503 2046 καί
514 1985 660 2062 removit,
673 2004 738 2068 qua
750 1983 790 2048 de
804 2005 902 2048 causa
913 1982 998 2045 τοίνυν
1011 1983 1100 2067 apud
1116 2004 1189 2047 eum
1204 1981 1341 2047 subinde
1357 1991 1505 2067 quartam

111 2089 221 2154 sedem
238 2088 369 2170 obtinet,
390 2087 491 2153 veluti
506 2087 605 2173 Hipp.
622 2087 687 2152 VH
702 2089 732 2170 3,
750 2085 829 2152 Oec.
846 2087 878 2152 V
893 2087 923 2170 2,
941 2087 983 2151 ef.
996 2087 1091 2154 Dem.
1108 2087 1313 2151 XXXXIIII
1327 2086 1370 2151 52
1384 2091 1414 2149 το
1435 2087 1505 2165 μετὰ

110 2201 192 2256 τοῦτο
207 2195 302 2256 τοίνυν.

677 2370 935 2380 ———-

770 2663 855 2759 ΔΗ.

216 2924 380 2989 Particula
406 2927 449 3006 δή,
474 2917 520 2988 de
536 2944 601 3009 qua
622 2925 656 2987 in
678 2923 790 3008 primis
805 2920 996 2986 Baeumlein
1015 2943 1046 3007 p.
1063 2920 1105 2984 98
1129 2941 1210 3008 sqq,
1225 2920 1383 2986 Kuehner
1402 2924 1422 3003 ἓ
1441 2919 1506 2985 500

113 3054 145 3117 p.
154 3030 215 3094 677
227 3052 306 3115 sqq,
315 3029 427 3095 Heller
434 3027 547 3092 Philol.
557 3027 640 3092 VIII
647 3026 709 3092 277
720 3048 789 3112 sqq.
799 3026 1056 3111 disputaverunt,
1068 3047 1133 3090 non
1145 3026 1294 3092 omnibus
1305 3025 1506 3113 temporibus

115 3134 229 3199 eodem
245 3133 340 3198 modo
355 3141 510 3218 usurpata
526 3141 583 3196 est.
607 3133 671 3196 iam
684 3133 710 3195 s'i
722 3152 922 3216 quaeremus,
939 3130 1018 3215 quid
1032 3131 1067 3194 in
1078 3130 1147 3194 eius
1160 3152 1221 3194 usu
1235 3132 1440 3194 immutatum
1457 3131 1506 3215 sit,

114 3238 148 3303 id
164 3238 257 3304 nobis
277 3236 441 3322 agendum
462 3237 531 3318 erit,
547 3245 583 3300 ut
604 3257 658 3300 eos
674 3234 772 3320 locos,
788 3235 845 3299 ubi
861 3236 953 3298 iuxta
973 3235 1115 3318 singulas
1135 3256 1232 3300 voces
1247 3235 1352 3318 posita
1371 3234 1437 3296 vim
1452 3233 1508 3297 ad-

115 3342 293 3408 verbialem
304 3341 413 3424 habet,
429 3340 471 3406 ab
485 3342 531 3405 eis
548 3361 764 3424 segregemus,
781 3338 899 3425 quibus
912 3339 1146 3403 coniunctionis
1161 3340 1235 3402 vice
1250 3339 1403 3423 fungitur.

700 3575 823 3666 Ἰ.

217 3760 369 3826 Genuina
396 3749 491 3825 huius
518 3759 695 3846 particulae
723 3757 930 3844 significatio,
955 3777 1019 3842 qua
1045 3778 1115 3821 rem
1137 3752 1301 3839 quandam
1328 3756 1393 3819 iam
1416 3757 1510 3842 quasi

118 3866 245 3931 elucere
266 3866 440 3950 indicatur,
464 3864 510 3930 ibi
534 3863 684 3950 adparet,
708 3861 764 3926 ubi
787 3871 965 3926 autunum
987 3859 1146 3925 verbum
1166 3859 1430 3944 exaggerandi
1452 3868 1511 3924 aut

117 3972 193 4036 vim
208 3973 326 4036 totius
343 3970 536 4035 enuntiati
556 3966 723 4053 augendi
739 3967 906 4032 consilium
922 3974 979 4030 est.
1010 3967 1119 4051 itaque
1135 3967 1169 4042 δή
1185 3986 1282 4050 saepe
1299 3985 1374 4028 eum
1387 3965 1422 4046 γὲ
1437 3985 1511 4028 con-

116 4078 263 4140 iunctum
277 4078 374 4140 variis
389 4075 593 4163 postponitur
606 4073 716 4139 verbis
733 4081 764 4136 et
776 4073 942 4158 proprium
958 4069 1095 4135 subinde
1112 4068 1252 4133 colorem
1263 4069 1440 4132 sententiae
1455 4067 1511 4132 ad-

119 4183 250 4268 spergit,
266 4182 321 4266 qui
336 4180 438 4266 qualis
453 4179 523 4244 loco
540 4199 667 4265 quoque
684 4179 733 4260 sit,
748 4176 837 4242 facili
850 4177 980 4261 negotio
995 4174 1199 4260 perspicitur.

222 4285 274 4349 Ex
290 4284 466 4366 Herodoto,
488 4284 544 4369 qui
563 4285 597 4347 in
617 4281 679 4346 hac
698 4302 733 4346 re
753 4282 931 4346 maximam
947 4279 1009 4344 sibi
1023 4278 1206 4343 libertatem
1221 4277 1389 4359 concessit,
1405 4296 1513 4362 pauca

119 4389 270 4475 exempla
285 4388 440 4453 adferam.
466 4390 500 4465 δή
515 4395 588 4474 post
602 4385 740 4450 verbum
751 4385 879 4450 finitum
890 4386 1030 4470 positum
1046 4391 1095 4446 est
1110 4383 1127 4446 I
1141 4381 1192 4467 86,
1210 4380 1282 4463 108,
1298 4381 1329 4444 V
1344 4378 1397 4462 80,
1412 4379 1514 4443 VIIII

120 4493 172 4574 60,
192 4502 265 4579 post
283 4515 461 4578 pronomen
480 4490 649 4577 personale
669 4490 703 4554 in
719 4491 861 4554 oratione
881 4491 1012 4554 ineunte
1032 4488 1048 4552 Ι
1066 4485 1137 4568 115,
1149 4485 1249 4550 VIIII
1263 4483 1315 4568 48,
1330 4486 1423 4548 iuxta
1438 4483 1512 4547 sub·

121 4598 296 4661 stantivum
311 4597 328 4660 Ι
345 4597 362 4659 1
379 4599 409 4669 ἐς
425 4599 459 4673 δὴ
476 4599 506 4658 το
521 4589 630 4680 Ἄργος,
646 4595 677 4677 4,
694 4602 767 4680 post
782 4593 975 4659 adverbium
990 4592 1007 4656 I
1025 4591 1096 4672 111,
1112 4591 1179 4654 IIII
1196 4589 1267 4672 113,
1283 4589 1315 4652 V
1330 4587 1404 4669 92η.
