3225 5092
11 5 429 55 ffi'lwwsssffi'lfffi'ffi'?
457 3 468 6 ”
584 3 600 16 v*
622 4 637 13 -·

125 40 206 92 Xa'¹'
243 47 256 59 ¹*
297 46 302 56 “

1445 175 1501 288 ’33

102 414 175 497 ipse
196 433 260 477 non
280 412 417 479 multum
436 414 563 479 tribuit:
585 414 723 479 alterum
741 414 842 478 multo
864 415 998 498 gravius
1020 414 1178 479 accedere
1201 414 1289 479 dicit.
1321 414 1503 480 observatio
1597 432 1607 462 -’

103 517 190 582 0111111
212 517 390 582 inst‘tuitur
413 518 593 583 secundum
612 538 738 584 menses
759 517 948 604 synodicos,
973 540 1109 603 quorum
1129 539 1257 605 semper
1278 519 1411 604 triginta
1433 519 1503 583 dies
1606 501 1608 549 1

103 631 345 705 enumerantur,
369 644 567 709 quamquam
589 644 724 686 revera
746 622 968 706 undetriginta
991 621 1060 686 dies
1083 630 1116 687 et
1137 621 1294 688 tredecim
1317 623 1385 688 fere
1408 623 1503 687 horas
1607 638 1608 711 j

104 728 281 792 continent.
313 736 410 812 atque
425 728 459 792 hi
474 749 602 793 menses
619 728 767 812 synodici
779 727 911 811 triginta
927 725 1053 792 dierum
1064 748 1193 812 semper
1204 735 1428 814 exaequantur
1438 728 1470 792 h.
1483 727 1503 792 l.

103 833 149 895 ita
163 831 331 896 mensibus
346 833 424 897 anni
440 831 555 917 civilis,
571 841 608 896 ut
619 853 723 897 novus
734 833 854 896 mensis
868 832 995 895 initium
1007 833 1146 918 capiate
1158 831 1332 897 novilunio.
1359 832 1504 918 prolecto
1608 868 1609 899 1

102 935 354 1001 Wachsmuthio
370 935 616 1001 concedendum
632 944 681 1000 est
696 935 778 1000 haec
793 944 861 1000 tam
875 936 1023 1021 ridicula,
1042 944 1110 1000 tam
1129 957 1228 1022 supra
1242 936 1375 1002 modum
1394 940 1505 1022 inepta
1608 940 1609 977 ³

104 1061 185 1124 esse,
206 1050 243 1104 ut
259 1063 298 1104 ea
313 1039 444 1125 Nigidio
464 1038 642 1106 attribuere
662 1041 777 1105 vesani
798 1043 847 1104 sit.
890 1041 999 1125 itaque
1023 1042 1049 1104 si
1069 1020 1141 1126 quis
1160 1049 1269 1106 tamen
1288 1040 1350 1105 hoc
1370 1039 1507 1105 dianam
1594 1036 1595 1041 ¹

103 1145 277 1214 tonitruale
292 1146 433 1230 genuino
448 1145 659 1210 fundamento
675 1152 932 1230 superstructum
944 1166 1016 1209 esse
1028 1146 1201 1227 existimat,
1217 1144 1303 1209 hunc
1320 1154 1506 1230 computum
1608 1168 1610 1213 ς

106 1252 135 1313 ei
159 1252 341 1314 recentiore
363 1249 610 1335 interpolatione
638 1248 806 1324 obtrusum
835 1270 906 1312 esse
929 1257 1050 1313 statuat
1070 1270 1205 1313 necesse
1228 1258 1287 1313 est.
1317 1248 1379 1314 hoc
1398 1257 1507 1313 autem
1609 1270 1610 1315 1

104 1358 276 1440 quominus
291 1355 399 1437 faciat,
420 1375 628 1440 nequaquam
646 1353 690 1436 id,
711 1353 798 1440 quod
814 1352 1082 1418 Wachsmuthius
1097 1355 1256 1440 opposuit,
1274 1354 1396 1418 obstat:
1407 1353 1507 1438 quod
1608 1348 1610 1397 i

104 1483 136 1546 p.
151 1459 202 1542 11,
218 1459 262 1522 24
277 1458 401 1524 verbis:
417 1459 441 1520 εἰ
457 1461 602 1544 [ipocrite-q,
623 1462 707 1520 ἅπαν
727 1463 761 1520 τὸ
783 1461 856 1532 ἔτος
876 1459 1023 1538 ἁψιμαχίαι
1043 1458 1089 1520 καὶ
1110 1461 1243 1539 διχόνοιαι
1267 1461 1383 1540 ἔσονται,
1403 1460 1525 1544 primo
1607 1534 1611 1549 ⁴

104 1563 223 1628 Martio
240 1585 345 1628 annus
360 1584 463 1628 novus
485 1564 526 1626 sit
541 1563 674 1648 positus.
710 1583 785 1628 nam
801 1561 864 1626 hoc
880 1583 995 1627 verum
1010 1571 1149 1627 nonest.
1179 1584 1285 1627 nonne
1306 1564 1393 1627 enim
1412 1561 1508 1625 simil·
1571 1588 1573 1591 ·
1610 1556 1611 1635 l

105 1666 182 1732 lima
197 1677 283 1750 sunt,
300 1689 383 1752 quae
398 1667 550 1751 legtmtur
564 1689 596 1752 p.
611 1666 661 1749 79,
678 1666 750 1731 lad
764 1666 850 1731 diem
865 1666 949 1730 XVI
961 1666 1104 1730 Martiit.
1115 1717 1122 1731 .
1133 1716 1140 1729 .
1153 1669 1276 1747 ιὑγιεινὸν
1290 1668 1342 1744 μὲν
1356 1670 1391 1728 τὸ
1407 1665 1514 1746 ἔτοςᾏ
1610 1660 1611 1665 ’

105 1794 136 1857 p.
153 1771 204 1856 80,
225 1772 265 1835 10
276 1770 696 1858 adVAprilis:...‘iqtea*ov
713 1772 745 1832 δὲ
759 1774 814 1832 τὸν
835 1772 984 1833 ἐνιαυτὸν
999 1772 1148 1851 capsim}
1171 1793 1203 1856 p.
1222 1769 1273 1852 81,
1293 1768 1333 1833 15
1351 1768 1395 1834 ad
1406 1768 1507 1833 XXV
1610 1794 1611 1797 ¹

105 1876 395 1962 Aplil.:...‘eiptlvq
418 1865 469 1937 ἀνὰ
488 1881 593 1938 πάντα
619 1879 673 1936 τὸν
701 1871 878 1959 ἐνιαυτόν),
904 1897 936 1961 p.
956 1874 1048 1958 64,6
1075 1874 1117 1940 ad
1139 1874 1243 1940 XXII
1265 1875 1508 1959 Aug.:...‘aalt&
1611 1908 1612 1965 3

105 1984 224 2062 μετρίως
239 1984 273 2044 τὰ
284 1987 434 2064 πράγματα
445 1982 497 2042 ἀνὰ
512 1985 619 2042 πάντα
632 1983 687 2041 τὸν
704 1982 877 2063 ἐνιαυτόνῖ,
893 2001 925 2065 p.
946 1979 1090 2063 6119011
1106 1978 1276 2045 XXVIIII
1288 1978 1377 2044 Oct:
1389 2030 1395 2044 .
1406 2031 1413 2043 .
1424 2030 1431 2044 .
1442 1979 1510 2039 ‘iod-

105 2089 216 2160 νοσοςὸ
235 2085 418 2160 ἐνιαυτός’1
1519 2071 1525 2077 ’

210 2189 277 2254 Sed
292 2191 426 2255 fortasse
449 2189 575 2272 longius
596 2190 693 2253 etiam
709 2188 862 2275 progredi
877 2198 975 2275 atque
990 2190 1130 2273 vestigia
1148 2187 1305 2272 indagare
1326 2208 1506 2274 possumus,

106 2317 123 2358 e
140 2294 262 2380 quibus
281 2317 317 2360 re
337 2317 416 2359 vere
431 2302 620 2379 computum
642 2293 732 2358 illurn
746 2292 857 2358 libello
872 2302 985 2380 postea
1000 2292 1246 2379 interpolatione
1256 2295 1421 2357 intrusum
1437 2314 1508 2356 esse
1584 2311 1589 2320 ·

107 2399 251 2484 colligas.
280 2421 320 2463 ac
331 2401 472 2484 primum
486 2396 565 2463 illud
578 2400 637 2460 Σελ
652 2397 795 2486 offendit,
813 2397 899 2484 quod
914 2400 949 2462 in
963 2399 1065 2483 ipsius
1076 2398 1171 2462 diarii
1186 2399 1275 2462 initio
1290 2407 1366 2462 ante
1380 2399 1507 2462 numeri

104 2502 248 2568 indicem
273 2503 299 2564 α’
316 2505 483 2589 seriptum-
496 2511 544 2567 est
577 2503 727 2588 quodque
754 2500 834 2566 nihil
857 2502 945 2567 aliud
974 2503 1158 2587 significare
1184 2511 1304 2589 potest,
1333 2523 1443 2588 quam,
1472 2511 1509 2594 ut
1610 2498 1612 2501 ’

105 2607 227 2672 Hasius
242 2611 355 2672 vertit:
373 2606 478 2672 ‘luna’.
510 2615 542 2671 at
557 2629 718 2693 nusquam
734 2606 822 2688 alibi,
839 2606 926 2692 quod
942 2609 1052 2690 sciam,
1068 2609 1102 2671 in
1118 2615 1185 2671 tota
1201 2605 1388 2672 Graecitate
1404 2611 1507 2686 σελήνη

105 2711 169 2775 hoc
187 2711 285 2776 modo
304 2720 498 2798 usurpatum
518 2713 693 2789 invenitur,
716 2720 753 2774 ut
771 2714 813 2776 sit
833 2711 936 2792 ‘dies'3
959 2733 1064 2796 neque
1084 2712 1231 2795 Romani,
1257 2713 1284 2775 si
1303 2735 1323 2775 a
1345 2711 1508 2776 novilunio

106 2815 176 2878 dies
191 2816 417 2894 numerabant,
439 2819 484 2882 ita
499 2817 609 2881 dicere
632 2816 795 2882 solebant:
820 2815 907 2880 ‘luna
921 2817 1047 2903 prima,
1067 2827 1104 2881 ut
1126 2815 1348 2900 significarent
1367 2819 1508 2902 primum

104 2922 227 2984 mensis
247 2920 369 2988 lunaris
390 2922 477 2986 diem
496 2923 516 2986 i.
530 2944 558 2986 e.
571 2942 690 2986 novam
710 2922 831 2986 lunam.
862 2922 897 2985 id
917 2921 1003 3006 quod
1025 2921 1204 2986 luculenter
1223 2920 1360 3008 adparet
1378 2943 1397 2984 e
1412 2920 1508 2985 Plinii

105 3024 178 3088 loco
198 3023 241 3102 Π,
261 3025 311 3107 17,
327 3025 383 3089 78:
409 3028 629 3091 ‘novissimam
649 3047 727 3090 vero
743 3027 945 3113 primamque
968 3025 1172 3113 (lunam)...'
1187 3028 1265 3090 item
1278 3025 1442 3110 Vergilius
1467 3024 1507 3089 de

106 3135 233 3214 ‘quarto
249 3130 331 3193 ortu'
347 3130 451 3196 verba
468 3130 548 3196 facit
564 3129 698 3218 (Georg.
712 3131 738 3211 I,
751 3130 841 3215 432),
863 3139 1035 3216 postquam
1046 3123 1081 3194 u.
1094 3129 1157 3194 421
1174 3131 1272 3195 dixit:
1289 3129 1386 3214 luna,
1403 3153 1507 3195 rever-

104 3241 211 3296 tentes
236 3256 311 3298 cum
333 3237 475 3322 primum
500 3234 621 3320 colligit
643 3234 778 3322 ignis'.¹)
816 3235 857 3299 ad
882 3236 967 3300 hanc
989 3235 1181 3300 numerandi
1205 3236 1363 3299 rationem
1388 3236 1507 3329 optime
1609 3310 1611 3313 Ι

105 3339 280 3422 quadrant,
296 3342 422 3424 quaein
436 3340 579 3405 Suetonii
594 3340 784 3424 fragmentis
799 3339 953 3424 leguntur
962 3363 998 3429 p.
1012 3339 1086 3423 210,
1099 3340 1120 3402 9
1132 3340 1225 3404 Reiff.
1240 3340 1387 3425 ‘septima
1398 3347 1507 3402 autem

107 3445 205 3508 semis
227 3443 333 3531 (luna)
355 3452 387 3507 et
401 3445 559 3509 vicesima
580 3444 723 3508 secunda
743 3447 840 3508 semis
862 3445 897 3508 in
917 3467 975 3508 suo
997 3443 1075 3509 orbo
1094 3444 1222 3508 mediae
1241 3443 1336 3527 sunt,
1356 3465 1387 3528 p.
1400 3441 1508 3524 213‚3

107 3548 239 3634 ‘patitur
251 3559 360 3613 autem
371 3549 483 3634 quinta
494 3548 631 3613 decima'
645 3551 704 3635 (sc.
718 3570 830 3613 casum
841 3546 995 3633 luminis),
1008 3571 1040 3634 p.
1053 3548 1127 3631 211,
1142 3549 1179 3612 11
1198 3547 1302 3612 ‘Tunc
1314 3546 1361 3612 sol
1373 3547 1509 3633 eclipsin

107 3655 246 3738 patitur.
258 3703 264 3715 .
276 3700 294 3735 .‚
311 3655 458 3737 quotiens
474 3651 552 3716 luna
567 3652 740 3717 tricesima’
758 3651 791 3738 (i.
805 3675 833 3718 e.
846 3653 1021 3717 novissima
1040 3652 1132 3741 luna)
1154 3652 1207 3717 ‘ad
1226 3651 1364 3717 eandem
1379 3650 1507 3733 lineam,

107 3778 173 3841 qua
185 3757 232 3822 sol
243 3756 382 3837 vehitur,
395 3756 565 3842 pervenit'.
582 3756 658 3821 huic
671 3756 887 3822 observationi
901 3779 1107 3845 nequaquam
1118 3766 1278 3843 repugnat
1288 3757 1378 3820 locus
1389 3753 1507 3820 Plinia-

106 3885 169 3927 uus
183 3861 225 3926 N.
238 3861 281 3927 H.
292 3861 437 3945 XXXV,
451 3861 480 3943 2,
498 3861 528 3945 2,
544 3861 600 3928 ubi
617 3862 783 3927 ‘vicesima
798 3860 884 3925 luna'
903 3861 1055 3926 dicuntur
1066 3861 1268 3926 Graecorum
1286 3861 1413 3943 Εἰκάδες,
1434 3880 1509 3924 011111

106 3967 137 4030 h.
151 3967 173 4031 l.
185 3988 251 4030 non
266 3990 287 4030 a
306 3989 392 4032 nova
411 3967 497 4050 luna,
519 3968 577 4033 sed
597 3968 725 4033 omnino
744 3975 871 4032 tantum
886 3965 990 4030 civilis
1010 3967 1129 4031 mensis
1149 3965 1218 4030 dies
1233 3974 1452 4046 numerentur,
1472 3963 1508 4028 id

107 4069 196 4156 quod
216 4070 354 4136 Graecis
379 4073 530 4139 usitatum
559 4083 635 4136 erat.
676 4074 785 4156 itaque
806 4074 871 4136 iam
891 4070 976 4135 hanc
997 4070 1037 4135 ob
1057 4093 1127 4136 rem
1147 4071 1288 4134 conicias
1303 4068 1435 4153 Lydum
1454 4064 1508 4130 vel

107 4177 178 4239 eius
193 4185 360 4241 auctorem
376 4175 438 4241 hoc
455 4175 593 4240 diarium
608 4197 714 4261 neque
730 4178 837 4261 ipsum
854 4175 894 4239 de
911 4197 968 4239 suo
984 4175 1117 4240 finxisse
1132 4195 1239 4258 neque
1254 4175 1288 4238 in
1302 4172 1400 4254 fonte,
1417 4193 1509 4258 equo

107 4269 259 4345 haustum
276 4289 335 4363 est,
356 4282 402 4344 sic
416 4281 597 4345 institutum
612 4281 786 4362 invenisse,
809 4278 868 4343 sed
883 4279 969 4364 quod
985 4278 1031 4343 ibi
1046 4279 1217 4360 invenerit,
1238 4275 1322 4381 male
1341 4285 1508 4362 tamquam

217 4527 237 4592 ¹)
250 4527 311 4576 Hoc
323 4525 438 4592 Vergilii
449 4526 509 4576 loco
527 4524 625 4576 collato
643 4524 736 4575 eodem
753 4525 833 4575 modo
851 4524 1011 4590 explicanda
1027 4530 1107 4575 erunt
1122 4524 1205 4574 verba
1221 4524 1326 4588 ‘quarta
1342 4521 1424 4584 luna,
1440 4534 1508 4584 quae

108 4613 293 4678 compluribus
304 4611 371 4662 locis
383 4613 525 4663 simillimis
536 4612 665 4678 leguntur
676 4628 693 4663 a
705 4612 924 4663 Reifferscheidio
938 4612 1011 4664 Suet.
1022 4612 1081 4662 rell.
1091 4630 1115 4678 p.
1125 4613 1177 4661 23⁴
1188 4627 1245 4677 sqq.
1257 4610 1400 4676 congestis.

158 4713 329 4756 Dissertationes
342 4713 513 4765 philotvindob.
1335 4713 1352 4763 3
