3225 5092
144 209 206 274 142
243 243 247 252 «

141 401 183 466 ab
201 403 394 488 optimorum
409 405 601 490 scriptorum
618 425 773 468 sermone.
800 407 831 468 in
849 425 912 489 quo
924 406 1117 490 praepositio
1133 426 1207 468 oum
1221 403 1312 468 urbis
1326 405 1454 468 nomine
1466 406 1534 489 ipso

141 527 205 571 non
226 509 438 592 coniungitur,
460 507 517 574 sed
538 531 612 574 cum
636 509 765 572 nomine
785 507 982 593 adpellativo
1003 510 1072 572 sive
1092 518 1167 572 ante
1186 509 1277 573 urbis
1296 531 1413 573 nomen
1433 511 1533 595 posito

38 699 39 702 Ἴ
141 611 209 675 sive
225 612 255 675 ei
271 613 457 698 postposito,
479 612 519 676 cf.
532 613 699 677 Kuehneri
716 612 772 677 Gr.
786 611 839 676 lat.
852 614 896 694 11,
908 636 940 699 p.
953 613 1027 694 350,
1041 612 1061 675 2
1078 622 1109 676 51
1124 637 1154 699 p.
1168 611 1242 695 351,
1259 614 1331 677 adn.
1345 613 1374 676 6.

245 713 279 780 Si
296 719 469 803 quaeritur,
485 717 572 781 unde
585 717 699 803 aliquis
711 711 946 803 proficiscatur,
962 719 995 780 in
1007 719 1146 802 optimae
1158 718 1274 781 aetatis
1287 739 1434 782 sermone
1446 717 1534 780 urbis

139 820 323 886 nominibus
339 843 411 885 raro
423 821 554 886 additur
565 823 760 909 praepositio
773 821 961 906 ‘ab',.idque
976 831 1044 888 tum
1055 824 1266 906 potissimum,
1283 824 1310 886 si
1321 831 1378 886 aut
1389 844 1436 904 ea,
1453 844 1534 906 quae

142 926 228 988 circa
243 923 359 990 urbem
375 934 458 1008 sunt,
475 926 700 1010 significantur
715 936 770 990 aut
785 929 858 1011 ipsa
873 926 1007 990 directio
1023 934 1079 991 aut
1095 928 1245 1011 spatium,
1261 926 1347 1011 quod
1362 929 1444 990 inter
1456 927 1535 991 duas

139 1027 236 1092 urbes
260 1030 465 1094 interiectum
485 1040 544 1112 est,
571 1032 754 1095 accuratius
774 1030 946 1095 indicatur.
983 1031 1065 1095 haec
1091 1039 1261 1112 structura,
1286 1051 1384 1116 quam
1405 1029 1450 1093 ad
1473 1053 1533 1094 ser-

139 1155 266 1198 monem
278 1134 446 1218 vulgarem
459 1144 607 1219 spectare
621 1133 813 1217 Scbmalaio,
831 1137 885 1221 qui
901 1134 942 1199 de
958 1158 997 1199 ea
1012 1136 1163 1220 exposuit
1177 1156 1209 1221 p.
1224 1134 1297 1216 281,
1310 1158 1334 1198 s.
1351 1135 1420 1212 102,
1438 1134 1534 1220 plane
1608 1124 1609 1127 ¹

139 1237 314 1321 adsentior,
341 1240 404 1303 iam
429 1239 516 1324 apud
538 1238 724 1304 Sallustium
748 1239 890 1303 Plinium
909 1241 1064 1305 maiorem
1087 1239 1276 1305 Suetonium
1300 1240 1433 1304 Florum
1458 1241 1534 1304 satis

138 1343 290 1428 frequens
307 1352 364 1427 est,
386 1343 541 1408 latissime
563 1353 671 1408 autem
692 1352 782 1429 patet
800 1344 888 1430 apud
904 1345 1045 1427 Livium,
1070 1345 1111 1409 de
1132 1365 1194 1430 quo
1210 1344 1359 1421 conferas
1375 1366 1458 1430 quae
1474 1345 1536 1408 dis-

138 1449 265 1533 putavit
277 1447 457 1512 Kuehnast.
470 1472 500 1535 p.
517 1447 578 1512 185
595 1469 640 1533 sq.
663 1448 777 1513 horum
789 1451 889 1533 igitur
904 1451 1097 1535 scriptorum
1109 1449 1377 1515 consuetudinem
1390 1451 1534 1534 sequitur

138 1551 1529 1637 5115515511555,105550551551555151555555585555553,6,415Ι)515’,4,3,1155

138 1657 294 1741 Himera’,
311 1657 342 1740 4,
354 1657 385 1738 4,
401 1656 441 1720 10
462 1661 491 1721 ‘a
512 1657 781 1739 Lacedaemone',
801 1656 851 1741 15,
868 1657 899 1739 2,
919 1658 934 1719 1
954 1656 1005 1723 ‘ab
1019 1657 1211 1743 Apollonia',
1230 1658 1280 1743 18,
1298 1658 1327 1742 7,
1347 1657 1365 1719 7
1382 1660 1412 1722 ‘a
1424 1657 1532 1743 Tyro’,

138 1762 189 1844 31,
203 1761 266 1844 8,5
283 1762 335 1827 ‘ab
350 1761 430 1843 Ilio’,
447 1761 498 1847 38,
516 1761 545 1846 8,
565 1761 605 1825 12
622 1764 651 1825 ‘a
663 1759 824 1846 Cyrenis',
836 1762 888 1843 43,
904 1762 932 1843 1,
948 1761 988 1825 10
1003 1761 1055 1826 ‘ab
1071 1761 1151 1846 Ilio’,
1168 1762 1220 1844 43,
1237 1760 1267 1844 5,
1288 1761 1307 1824 8
1330 1765 1360 1826 ‘a
1375 1761 1532 1847 Delphis',

137 1866 189 1950 44,
202 1867 232 1949 5,
245 1866 266 1931 2
282 1868 311 1930 ‘a
321 1866 431 1952 Tyro’.

241 1972 282 2036 In
308 1973 440 2036 modum
467 1971 596 2036 urbium
626 1975 792 2035 nominum
825 1973 921 2034 etiam
948 1971 1124 2035 insularum
1150 1972 1309 2034 maiorum
1334 1973 1465 2034 nomina
1489 1970 1533 2035 ab

137 2078 260 2142 Iustino
274 2085 515 2142 construuntur:
533 2078 562 2160 6,
578 2077 605 2158 1,
620 2077 653 2158 1,
671 2077 722 2158 39,
733 2077 764 2159 4,
777 2076 797 2139 2
811 2075 973 2162 ‘Cypri'¹),
990 2076 1041 2158 44,
1055 2077 1085 2158 3,
1098 2076 1119 2139 2
1131 2075 1315 2162 ‘Cyprum',
1326 2076 1356 2157 3,
1366 2076 1395 2157 3,
1407 2075 1461 2157 12,
1480 2076 1532 2160 32,

139 2182 203 2263 4,3
222 2181 382 2246 10151550.
415 2181 492 2266 quid
514 2181 600 2266 quod
620 2183 718 2246 etiam
738 2190 898 2245 terrarum
918 2183 1057 2262 nomina,
1079 2183 1104 2243 si
1121 2180 1418 2264 significandusest
1434 2179 1532 2263 locus,

137 2286 192 2371 qui
207 2287 336 2370 petitur,
351 2287 385 2348 in
401 2286 588 2350 accusativo
604 2294 768 2370 ponuntur
783 2287 1021 2370 praepositione
1037 2307 1101 2348 non
1117 2284 1241 2348 addita:
1255 2284 1285 2366 5,
1302 2283 1533 2369 1,2Ἑ110551’,
1608 2269 1610 2316 l

139 2387 189 2472 15,
202 2388 231 2472 2,
246 2388 284 2470 7,
304 2388 353 2470 18,
367 2389 396 2470 2,
410 2389 443 2469 9,
460 2389 512 2471 20,
526 2389 556 2470 4,
570 2390 604 2468 3,
622 2387 673 2471 23,
687 2389 716 2466 2,
731 2389 763 2471 6,
782 2388 834 2471 28,
851 2390 881 2470 4,
898 2389 938 2452 10
953 2389 1174 2474 ‘Aegyptum'.
1206 2388 1268 2451 hoc
1284 2411 1401 2453 nomen
1421 2388 1453 2451 in
1477 2387 1533 2452 tali

136 2515 171 2557 re
195 2492 411 2577 significanda
433 2516 474 2557 ne
491 2492 604 2557 Cicero
626 2493 757 2579 quidem
781 2501 814 2557 et
833 2491 954 2557 Caesar
972 2491 1130 2558 adhibere
1151 2492 1391 2557 dubitaverunt.
1412 2494 1446 2555 in
1465 2488 1534 2556 uni-

136 2619 266 2662 versum
284 2607 392 2661 autem
413 2597 494 2662 haec
515 2608 677 2662 structura
693 2598 832 2662 sermoni
852 2596 980 2682 plebeio
1002 2607 1050 2660 est
1070 2597 1283 2681 adsignanda,
1303 2596 1337 2660 id
1354 2595 1440 2682 quod
1456 2597 1533 2660 inde

137 2701 252 2786 elucet,
275 2701 360 2787 quod
381 2704 544 2767 invenitur
564 2702 652 2787 apud
664 2701 815 2767 Plautum
832 2712 996 2766 auctorem
1013 2701 1090 2766 belli
1102 2702 1328 2786 Hispaniensis
1343 2702 1531 2765 Petronium
1608 2698 1609 2703 ’

136 2804 192 2893 (cf.
207 2804 362 2870 Guerick.
376 2829 407 2892 p.
420 2806 476 2889 54)
491 2807 641 2872 Tacitum
657 2805 713 2894 (cf.
726 2807 885 2891 Draeger.
899 2829 930 2892 p.
946 2806 983 2868 17
998 2807 1060 2891 sq.)
1076 2805 1251 2892 Apuleium
1266 2804 1356 2870 alios.

238 2906 346 2973 Etiam
361 2910 404 2974 ad
420 2910 677 2994 significandum,
694 2912 780 2976 5505
797 2912 868 2996 quis
884 2913 1002 2993 veniat,
1019 2911 1089 2973 veri
1106 2910 1208 2974 simile
1224 2919 1274 2973 est
1289 2910 1449 2974 Iustinum
1464 2932 1528 2973 uno
1608 2914 1609 2917 ’

134 3015 204 3079 1555
222 3024 327 3080 terrae
343 3037 461 3080 nomen
476 3018 510 3078 in
525 3016 611 3080 nudo
627 3015 769 3080 ablativo
785 3016 941 3100 posuisse.
968 3015 1105 3079 traditur
1121 3018 1205 3079 enim
1222 3014 1271 3096 12,
1288 3015 1349 3097 1,4
1365 3014 1531 3078 codicibus

133 3119 216 3184 ITP
238 3119 404 3205 ‘epistulae
424 3119 590 3205 Antipatri
609 3120 801 3184 Macedonia
818 3121 847 3182 ei
868 3119 1067 3201 redduntur’,
1092 3129 1204 3182 contra
1230 3140 1308 3203 quos
1328 3127 1426 3182 testes
1446 3141 1530 3182 unus

135 3233 260 3289 tantum
284 3233 347 3288 stat
368 3223 450 3288 liber
472 3224 508 3306 Z,
537 3225 591 3310 qui
619 3225 740 3288 nomini
769 3223 983 3288 ‘Macedonia'
1007 3223 1156 3308 praefigit
1183 3224 1455 3307 praepositionem
1478 3224 1527 3288 ‘a'.

134 3332 179 3394 ita
195 3329 374 3395 ablativum
394 3337 553 3392 terrarum
570 3330 735 3393 nominum
756 3327 844 3414 apud
861 3327 1007 3392 Curtium
1024 3326 1185 3391 Velleium
1198 3325 1377 3411 Tacitum2)
1395 3327 1529 3391 Florum

134 3433 314 3498 adhibitum
329 3435 471 3519 reperire
487 3432 572 3498 licet.

237 3537 376 3604 Urbium
404 3539 570 3603 nominum
596 3539 870 3603 constructionem
897 3544 1076 3620 sequuntur
1100 3534 1253 3599 nonnulla
1274 3535 1484 3623 adpellativa,
1512 3560 1530 3601 e

136 3642 252 3728 quibus
275 3664 375 3705 unum
398 3643 532 3727 dignum
557 3652 614 3727 est,
639 3642 726 3729 quod
748 3640 921 3728 proferam.
954 3641 1044 3704 vocis
1066 3639 1141 3703 ‘rus'
1163 3641 1378 3723 accusativus,
1405 3642 1461 3724 qui
1481 3663 1530 3703 re-

134 3746 271 3833 spondet
286 3746 329 3811 ad
344 3748 625 3830 interrogationem
641 3746 759 3833 ‘quo?',
779 3745 859 3810 nihil
875 3739 1012 3831 'quidem
1027 3742 1127 3808 habet
1142 3744 1269 3824 mirum,
1287 3745 1313 3806 si
1333 3743 1419 3807 solus
1439 3744 1532 3807 adhi-

133 3852 242 3917 betur:
261 3852 289 3934 1,
302 3852 331 3933 6,
345 3851 365 3916 2
378 3851 578 3930 ‘antelucano
595 3862 738 3937 tempore
758 3849 842 3935 rus3)
858 3851 920 3912 iter
935 3847 1120 3932 ingressus',
1145 3846 1202 3911 sed
1221 3849 1247 3909 si
1268 3847 1459 3912 coniunctus
1480 3859 1531 3912 est

134 3978 207 4020 cum
231 3955 392 4021 adiectivo
415 3957 466 4039 31,
483 3956 512 4039 2,
530 3958 549 4021 3
574 3954 886 4032 ‘russuburbanum
904 4005 910 4016 .
929 4006 935 4018 .
955 4005 961 4016 .
979 3949 1164 4032 contendit’,
1187 3950 1281 4036 plane
1308 3946 1463 4016 abborret
1486 3953 1530 4018 ab

134 4061 253 4147 optimo
269 4081 388 4146 genere
405 4060 543 4126 dicendi.

237 4219 258 4285 1)
270 4220 312 4270 Ita
323 4221 377 4270 iam
390 4219 464 4270 0555.
475 4220 543 4271 Bell.
554 4223 605 4270 civ.
615 4222 639 4284 3,
651 4222 708 4284 106,
721 4223 742 4270 1.

235 4307 257 4372 ²)
271 4306 310 4356 cf.
321 4307 456 4357 Heraeum
469 4308 503 4357 ad
515 4308 578 4358 Tac.
589 4307 658 4358 Hist.
670 4311 694 4371 2,
706 4309 745 4357 79.
1608 4372 1610 4385 Ι

236 4393 258 4462 3)
270 4384 1531 4462 Illud‘rus'sconiecturaleepiiscriptumest3‘ruri'praebentIVQRl'l‘ruria’A,‘ruris'HGM.

724 4660 931 4671 ————.
