3225 5092
134 209 177 273 34

133 400 282 464 Diarium
300 400 480 465 secundum
495 424 622 467 menses
637 403 767 466 lunares
782 402 906 468 factum
922 404 1098 489 accepisse.
1127 404 1337 468 confirmatur
1357 425 1434 466 vero
1450 402 1529 466 haec

134 507 329 583 coniectura,
345 507 372 568 si
388 527 427 569 ea
440 506 645 592 conferimus,
662 527 744 592 quae
756 507 798 571 de
809 509 933 572 ratione
945 506 1040 572 huius
1052 506 1152 572 libelli
1163 506 1342 573 tonitrualis
1353 509 1530 593 praemissa

134 617 218 672 sunt.
255 608 442 675 inscribitur
462 633 540 676 sane
562 611 693 696 quidem
714 615 849 694 ἐφήμερος
869 614 1064 694 βρονιοσκοπία
1088 620 1185 697 atque
1205 612 1284 676 dicit
1298 613 1493 677 Laurentius
1512 635 1532 675 a

133 735 217 778 nova
240 711 316 777 luna
338 735 398 799 per
418 736 544 780 menses
564 714 693 780 lunares
714 738 748 780 se
771 717 951 780 tonitruum
973 717 1186 780 coniectiones
1206 738 1277 780 esse
1300 719 1529 782 instituturum.

134 817 191 880 sed
213 817 301 902 quid,
324 840 454 903 quaeso,
477 819 538 884 sibi
557 819 671 885 volunt
690 819 807 884 verba:
829 821 865 882 ‘et
880 822 923 883 ἐπὶ
938 825 1037 895 πάσαις
1052 827 1112 895 ταῖς
1126 830 1175 900 τῆς
1191 823 1348 899 διοσημείας
1362 822 1530 903 παραδόσεσι

132 925 180 1001 τήν
197 925 316 1001 σελήνην
335 925 472 1003 φαίνονται
492 926 627 1002 λαβόντες
647 927 671 986 οἱ
691 929 869 1006 ἀρχαῖοι...,
884 926 982 999 καλῶς
1002 929 1034 986 άν
1053 949 1093 997 τις
1114 929 1166 1007 ἄρα
1184 926 1231 986 καὶ
1251 930 1296 987 τὸν
1315 928 1437 1001 σελήνης
1457 923 1531 990 οἶκον

134 1026 301 1101 ἐπιλέξαιτο.
329 1031 399 1090 ὥστε
416 1031 468 1091 ἀπὸ
483 1036 529 1092 τοῦ
544 1033 680 1111 Καρκίνου
695 1031 742 1092 καὶ
757 1033 905 1094 ἐνταῦθα..
916 1032 1081 1109 ληψόμεθα
1095 1033 1144 1107 τήν
1159 1037 1211 1091 τῶν
1228 1033 1346 1112 βροντῶν
1362 1033 1501 1109 ἐπίσκεψιν
1510 1029 1533 1089 ’2²

133 1131 213 1216 quid
232 1154 351 1218 quaeso
373 1133 453 1198 haec
474 1134 534 1199 sibi
556 1135 678 1218 volunt,
700 1138 726 1200 si
746 1137 847 1221 iniis,
868 1157 952 1220 quae
973 1143 1134 1212 secuntur,
1156 1135 1198 1199 ad
1217 1135 1313 1199 lunae
1337 1134 1468 1200 domum
1488 1136 1533 1197 ita

132 1244 259 1301 tantum
281 1239 465 1323 respicitur,
493 1248 529 1303 ut
550 1239 664 1303 Iunius
688 1242 822 1322 mensis,
848 1261 910 1324 quo
934 1238 980 1303 sol
1006 1238 1169 1304 Cancrum
1191 1239 1384 1323 ingreditur,
1408 1242 1532 1326 primus

132 1342 296 1425 ponatur?
323 1351 412 1406 estne
425 1342 507 1406 haec
519 1345 693 1429 peculiaris
704 1344 872 1408 divinandi
885 1344 991 1407 ratio?
1018 1345 1158 1428 minime,
1175 1344 1232 1407 sed
1244 1346 1393 1430 proprius
1405 1353 1533 1408 tantum

132 1445 343 1511 enumerandi
354 1446 443 1511 ordo.
473 1447 529 1513 illa
544 1459 653 1513 autem
665 1449 769 1514 verba
779 1448 901 1513 Hasius
915 1451 960 1512 ita
975 1450 1204 1534 interpretatus
1220 1458 1283 1512 est:
1304 1451 1341 1512 ‘si
1357 1449 1467 1534 palam
1483 1458 1534 1512 est

132 1551 164 1612 in
188 1552 274 1614 omni
297 1550 443 1635 augurali
466 1552 637 1638 disciplina
663 1552 772 1617 lunam
802 1552 918 1618 ducem
941 1553 1116 1637 sumpsisse
1144 1552 1206 1616 sibi
1229 1561 1423 1636 veteres...,
1444 1563 1532 1617 recte

133 1654 248 1738 aliquis
264 1654 360 1720 lunae
375 1658 544 1722 stationem
565 1661 644 1722 item
660 1658 777 1723 ducem
793 1657 912 1741 eligat.’
945 1661 990 1722 sic
1011 1659 1217 1743 interpretari
1236 1679 1416 1743 possumus,
1437 1658 1534 1722 modo

134 1782 175 1822 ne
190 1759 252 1823 hac
268 1761 531 1846 interpretatione
546 1765 709 1848 propriam
728 1762 904 1827 verborum
921 1765 975 1824 ‘rba
992 1765 1111 1839 σελήνης
1135 1758 1208 1824 οἷκον
1225 1761 1381 1836 ἐπιλέξαιτο
1402 1763 1444 1825 άν
1465 1764 1534 1828 vim

134 1866 323 1928 imminuere
344 1866 541 1950 studeamus,
566 1890 649 1953 quae
670 1890 709 1931 ea
729 1877 787 1947 est,
808 1877 844 1932 ut
863 1890 931 1952 per
950 1874 1070 1930 totam
1091 1866 1395 1952 disputationem
1414 1866 1534 1932 Cancri

132 1970 218 2032 ratio
230 1971 271 2032 sit
286 1970 446 2036 habenda.
471 1994 602 2057 prorsus
617 1981 725 2036 autem
739 1973 949 2057 detorquetur
961 1973 1165 2056 sequentium
1174 1970 1350 2036 verborum
1363 1975 1532 2054 sententia,

133 2075 159 2136 si
185 2095 258 2138 cum
278 2074 379 2138 Hasio
405 2076 451 2138 sio
471 2078 642 2140 vertimus:
673 2077 893 2162 ‘quamobrem
919 2075 995 2140 inde
1021 2098 1041 2139 a
1059 2074 1186 2142 Cancro
1209 2075 1262 2139 hie
1288 2098 1469 2161 quoque...
1484 2099 1534 2141 co-

133 2179 309 2259 gnitionem
320 2180 543 2244 instituemus!
563 2204 640 2245 nam
651 2191 687 2245 ut
699 2182 845 2245 omittam
857 2181 1025 2246 obscurius
1037 2180 1160 2245 dictum
1177 2203 1247 2244 esse
1264 2181 1349 2244 ‘inde
1364 2203 1385 2244 a
1396 2180 1533 2246 Cancro’

133 2302 192 2364 pro
209 2282 294 2345 ‘inde
314 2305 334 2346 a
352 2305 474 2366 mense,
496 2306 559 2370 quo
581 2284 628 2349 sol
648 2287 680 2348 in
697 2284 824 2349 Cancro
844 2285 913 2368 σοι’,
934 2284 1036 2349 verba
1057 2284 1214 2364 ‘lacesses
1232 2288 1281 2361 τήν
1303 2286 1452 2365 ἐπίσκεψιν
1468 2308 1533 2350 non

134 2386 330 2468 significant:
348 2390 560 2453 ‘instituemus
577 2389 844 2477 cognitionem’,¹)
861 2389 928 2467 sed,
945 2397 982 2453 ut
994 2390 1122 2453 omnino
1134 2387 1370 2473 intellegantur,
1386 2390 1534 2474 indigent

133 2489 306 2556 verborum
332 2496 393 2556 ‘dub
413 2501 459 2556 τοῦ
475 2497 631 2579 Καρκίνον,
659 2517 733 2576 cum
755 2517 814 2579 pro
835 2496 898 2556 ‘dub
922 2502 968 2556 τοῦ
988 2495 1123 2577 Καρκίνου
1144 2497 1291 2576 ληψόμεθα
1313 2499 1361 2574 τήν
1382 2497 1532 2574 ἐπίσκεψιν

133 2595 228 2658 simili
247 2597 342 2661 modo
367 2607 464 2684 atque
487 2621 585 2684 supra
608 2599 730 2663 dictum
754 2608 803 2663 est
826 2602 885 2675 ‘ebs
907 2602 1027 2678 σελήνην
1050 2601 1185 2676 λαβόντες
1208 2600 1252 2662 ἐπὶ
1274 2601 1448 2681 παραδθσεσν
1479 2599 1534 2663 hic

134 2721 260 2784 quoque
277 2700 342 2766 dici
357 2705 458 2789 possit
475 2704 528 2766 ‘rer
540 2705 678 2786 Καρκίνον
692 2708 841 2784 ληψόμεθα
858 2705 948 2788 ἐνάτη
965 2703 1124 2783 ἐπισκέψεν.
1152 2703 1194 2766 cf.
1207 2713 1377 2789 praeterea
1389 2727 1421 2789 p.
1434 2704 1486 2782 42,
1496 2704 1532 2766 4:

135 2806 179 2866 ‘tu
203 2813 257 2866 τῶν
287 2809 349 2889 περὶ
374 2810 493 2885 σελήνης
514 2817 711 2888 σχηματισμῶν
729 2857 734 2870 .
751 2859 757 2873 .
773 2858 780 2872 .
796 2808 1008 2889 λαμβάνοντες’,
1039 2816 1081 2890 et,
1114 2808 1200 2893 quod
1228 2810 1458 2892 gravissimum
1485 2817 1534 2872 est

135 2909 330 2994 exemplum,
343 2934 374 2997 p.
388 2911 439 2994 89,
452 2913 488 2976 5:
506 2912 701 2998 ί(ἐπιτηρήσεις
715 2916 782 2995 πρὸς
794 2912 929 2998 σελήνην)
945 2915 998 2974 ἀπὸ
1013 2922 1063 2991 τῆς
1074 2917 1181 2995 θερινῆς
1195 2913 1319 2997 τροπῆς,
1336 2935 1419 2998 quae
1436 2915 1533 2997 signi-

135 3013 236 3077 ficant
258 3015 518 3081 observationem
543 3027 703 3103 sumptam
728 3039 748 3080 a
771 3017 904 3081 solstitio
927 3017 1065 3098 aestivo,
1088 3019 1107 3080 i.
1126 3038 1153 3080 e.
1175 3018 1208 3079 in
1228 3039 1268 3081 ea
1287 3017 1532 3083 constellatione

136 3116 267 3202 factam,
292 3142 356 3205 qua
376 3121 423 3186 sol
444 3129 502 3202 est,
523 3131 559 3185 ut
574 3120 704 3186 Graeca
719 3120 866 3185 adferam
880 3120 992 3203 verba,
1013 3123 1094 3184 ‘rard
1108 3123 1156 3200 τήν
1172 3124 1320 3199 ἑνδεκάτην
1335 3129 1381 3184 τοῦ
1395 3124 1536 3204 Καρκίνου

135 3223 240 3302 μοῖραν
265 3222 311 3309 (p.
333 3223 385 3308 89,
409 3223 453 3311 6).
499 3223 650 3290 hocloco
675 3225 788 3290 collato
820 3223 915 3288 simul
938 3225 981 3288 ad
1003 3227 1177 3308 genuinam
1200 3223 1295 3289 huius
1323 3229 1535 3308 βροντοσκοπίας

135 3323 272 3391 formam
300 3330 560 3412 cognoscendam
590 3328 710 3418 adduci
738 3328 817 3392 mihi
844 3328 1003 3393 videmur.
1045 3331 1190 3393 utenim
1214 3328 1370 3394 hocloco
1394 3353 1412 3394 e
1436 3333 1534 3394 certi

135 3434 289 3514 temporis
306 3433 548 3498 constellatione
569 3433 643 3500 solis
664 3443 695 3498 et
715 3434 811 3498 lunae
826 3433 1031 3518 praedicitur,
1052 3433 1129 3519 quid
1146 3436 1186 3506 sit
1201 3433 1355 3517 futurum,
1375 3435 1420 3499 ita
1436 3435 1535 3498 etiam

134 3534 168 3597 in
187 3534 310 3618 Nigidii
329 3537 411 3602 libro
431 3538 595 3604 tonitruali
617 3547 742 3602 tantum
761 3557 872 3601 eorum
892 3538 1144 3624 uniuscuiusque
1163 3540 1283 3602 mensis
1305 3537 1432 3601 dierum
1452 3540 1534 3602 ratio

137 3638 251 3703 haberi
268 3641 406 3724 videtur,
429 3642 545 3730 quibus
564 3642 654 3706 luna
669 3644 705 3705 in
722 3663 789 3705 sua
805 3641 913 3707 domo
929 3643 949 3705 i.
962 3663 989 3706 e.
1003 3643 1036 3704 in
1048 3640 1173 3708 Cancro
1195 3651 1252 3705 est.
1294 3652 1430 3728 utroque
1447 3644 1535 3706 enim

135 3743 206 3807 loce
223 3747 345 3828 pariter
361 3755 393 3808 et
413 3747 487 3811 solis
503 3755 535 3811 et
549 3745 645 3812 lunae
661 3747 777 3832 positio
798 3746 1004 3828 observatur,
1025 3748 1058 3809 in
1073 3745 1235 3810 Labeonis
1251 3745 1304 3810 illo
1319 3744 1438 3828 libello,
1458 3770 1535 3811 nam

136 3847 204 3911 eius
225 3848 315 3914 illum
336 3872 406 3914 esse
427 3851 541 3937 Lydus
563 3851 655 3938 dicit,
681 3849 754 3915 solis
774 3851 890 3935 positio
912 3850 1026 3914 eadem
1046 3859 1170 3932 manet,
1195 3849 1290 3913 lunae
1310 3852 1455 3915 variatur
1476 3873 1535 3937 per

136 3953 293 4020 circulum
308 3956 493 4039 zodiacum,
509 3958 543 4022 in
558 3956 620 4020 hoc
632 3955 754 4040 Nigidii
770 3952 879 4020 libello
894 3954 971 4019 luna
986 3976 1120 4019 manens
1135 3956 1169 4018 in
1184 3953 1320 4038 Cancro,
1337 3955 1382 4021 sol
1399 3956 1535 4040 singulis

135 4058 299 4123 mensibus
314 4081 374 4146 per
391 4061 518 4145 singula
534 4063 626 4145 signa
641 4060 822 4147 procedens
838 4059 978 4143 fingitur.
1010 4081 1093 4144 quae
1108 4061 1191 4124 ratio
1206 4080 1304 4144 quam
1319 4059 1404 4126 bene
1420 4061 1464 4125 ad
1480 4061 1534 4125 illa

135 4161 237 4227 verba
253 4165 348 4230 modo
364 4174 505 4230 tractata
520 4166 668 4251 quadret,
689 4165 896 4230 manifestum
918 4174 975 4228 est.
1009 4187 1082 4229 cum
1098 4173 1207 4230 autem
1223 4165 1351 4247 Cancri,
1370 4173 1408 4228 nt
1428 4167 1537 4230 unius-

136 4268 291 4352 cuiusque
308 4271 406 4354 signi,
422 4272 555 4355 triginta
571 4271 634 4333 sint
653 4279 772 4355 partes,
795 4291 854 4334 eae
871 4290 998 4356 quoque
1014 4292 1034 4333 a
1044 4269 1176 4353 Nigidio
1191 4278 1344 4334 accurate
1361 4269 1535 4334 distinctae

241 4515 261 4580 ¹)
274 4516 315 4566 Ad
327 4516 404 4566 Hasii
420 4518 668 4583 interpretationem
686 4515 849 4582 quadrarent
864 4515 921 4565 fere
937 4515 1017 4565 haec:
1044 4511 1089 4565 ἀπὸ
1102 4514 1156 4577 (vel
1170 4513 1207 4582 ἐκ)
1219 4517 1261 4565 τοῦ
1274 4513 1393 4582 Καρκίνου
1405 4512 1539 4584 ληψόμεθα

136 4599 178 4666 τὴν
190 4607 232 4668 τῆς
246 4601 391 4671 ἐπισκέψεως
405 4601 499 4672 ἀρχήν
512 4601 555 4669 (cf.
566 4621 590 4670 p.
603 4604 642 4666 15,
653 4601 690 4668 ⁷).
