<?xml version="1.0" encoding="UTF-8"?>
<!DOCTYPE html PUBLIC "-//W3C//DTD XHTML 1.0 Transitional//EN"
    "http://www.w3.org/TR/xhtml1/DTD/xhtml1-transitional.dtd">
<html xmlns="http://www.w3.org/1999/xhtml" xml:lang="en" lang="en">
 <head>
  <title>
</title>
<meta http-equiv="Content-Type" content="text/html;charset=utf-8" />
  <meta name='ocr-system' content='tesseract 3.04.00' />
  <meta name='ocr-capabilities' content='ocr_page ocr_carea ocr_par ocr_line ocrx_word'/>
</head>
<body>
  <div class='ocr_page' id='page_1' title='image "./dissertationesp06wiengoog_0055.png"; bbox 0 0 3225 5092; ppageno 0'>
   <div class='ocr_carea' id='block_1_1' title="bbox 137 176 209 282">
    <p class='ocr_par' dir='ltr' id='par_1_1' title="bbox 137 176 209 282">
     <span class='ocr_line' id='line_1_1' title="bbox 137 176 209 282; baseline 0.056 -4"><span class='ocrx_word' id='word_1_1' title='bbox 137 176 209 282; x_wconf 72' lang='grc'>41</span> 
     </span>
    </p>
   </div>
   <div class='ocr_carea' id='block_1_2' title="bbox 60 414 1538 3861">
    <p class='ocr_par' dir='ltr' id='par_1_2' title="bbox 134 414 1538 2599">
     <span class='ocr_line' id='line_1_2' title="bbox 141 414 1536 509; baseline 0.009 -31"><span class='ocrx_word' id='word_1_2' title='bbox 141 414 278 481; x_wconf 85' lang='lat' dir='ltr'>umbrae</span> <span class='ocrx_word' id='word_1_3' title='bbox 292 417 453 504; x_wconf 81' lang='lat' dir='ltr'>XXXVI,</span> <span class='ocrx_word' id='word_1_4' title='bbox 469 427 504 482; x_wconf 91' lang='lat' dir='ltr'>ut</span> <span class='ocrx_word' id='word_1_5' title='bbox 519 430 627 486; x_wconf 88' lang='lat' dir='ltr'>tamen</span> <span class='ocrx_word' id='word_1_6' title='bbox 643 423 683 485; x_wconf 91' lang='lat' dir='ltr'>in</span> <span class='ocrx_word' id='word_1_7' title='bbox 699 431 807 508; x_wconf 89' lang='lat' dir='ltr'>parte</span> <span class='ocrx_word' id='word_1_8' title='bbox 821 422 1011 487; x_wconf 89' lang='lat' dir='ltr'>Venetiae</span> <span class='ocrx_word' id='word_1_9' title='bbox 1027 432 1226 509; x_wconf 81' lang='lat' dir='ltr'><strong>exaequetur</strong></span> <span class='ocrx_word' id='word_1_10' title='bbox 1236 423 1354 489; x_wconf 92' lang='lat' dir='ltr'>umbra</span> <span class='ocrx_word' id='word_1_11' title='bbox 1364 427 1536 508; x_wconf 83' lang='lat' dir='ltr'>gnomoni’</span> 
     </span>
     <span class='ocr_line' id='line_1_3' title="bbox 140 519 1538 612; baseline 0.006 -28"><span class='ocrx_word' id='word_1_12' title='bbox 140 519 218 606; x_wconf 92' lang='lat' dir='ltr'>quid</span> <span class='ocrx_word' id='word_1_13' title='bbox 243 522 328 607; x_wconf 91' lang='lat' dir='ltr'>quod</span> <span class='ocrx_word' id='word_1_14' title='bbox 352 527 456 609; x_wconf 82' lang='lat' dir='ltr'><strong>ipsam</strong></span> <span class='ocrx_word' id='word_1_15' title='bbox 481 527 768 611; x_wconf 86' lang='lat' dir='ltr'>computationem,</span> <span class='ocrx_word' id='word_1_16' title='bbox 793 549 876 612; x_wconf 91' lang='lat' dir='ltr'>quae</span> <span class='ocrx_word' id='word_1_17' title='bbox 899 527 961 591; x_wconf 93' lang='lat' dir='ltr'>hoc</span> <span class='ocrx_word' id='word_1_18' title='bbox 983 525 1079 591; x_wconf 93' lang='lat' dir='ltr'>modo</span> <span class='ocrx_word' id='word_1_19' title='bbox 1104 529 1287 612; x_wconf 83' lang='lat' dir='ltr'>corrigitur,</span> <span class='ocrx_word' id='word_1_20' title='bbox 1313 527 1538 594; x_wconf 85' lang='lat' dir='ltr'>observatione</span> 
     </span>
     <span class='ocr_line' id='line_1_4' title="bbox 140 624 1535 718; baseline 0.009 -31"><span class='ocrx_word' id='word_1_21' title='bbox 140 624 298 690; x_wconf 81' lang='lat' dir='ltr'><strong>Anconae</strong></span> <span class='ocrx_word' id='word_1_22' title='bbox 314 626 401 692; x_wconf 87' lang='lat' dir='ltr'>sacta</span> <span class='ocrx_word' id='word_1_23' title='bbox 416 629 474 693; x_wconf 95' lang='lat' dir='ltr'>niti</span> <span class='ocrx_word' id='word_1_24' title='bbox 486 640 676 714; x_wconf 89' lang='lat' dir='ltr'>argumento</span> <span class='ocrx_word' id='word_1_25' title='bbox 693 641 742 695; x_wconf 89' lang='lat' dir='ltr'>est</span> <span class='ocrx_word' id='word_1_26' title='bbox 752 632 850 697; x_wconf 91' lang='lat' dir='ltr'>Plinii</span> <span class='ocrx_word' id='word_1_27' title='bbox 864 631 954 696; x_wconf 92' lang='lat' dir='ltr'>locus</span> <span class='ocrx_word' id='word_1_28' title='bbox 970 631 1270 715; x_wconf 79' lang='grc'><strong>11111111111111,72,</strong></span> <span class='ocrx_word' id='word_1_29' title='bbox 1285 632 1346 696; x_wconf 90' lang='grc'>182</span> <span class='ocrx_word' id='word_1_30' title='bbox 1362 635 1379 697; x_wconf 77' lang='lat' dir='ltr'>‘l</span> <span class='ocrx_word' id='word_1_31' title='bbox 1398 634 1535 718; x_wconf 88' lang='lat' dir='ltr'>accedit,</span> 
     </span>
     <span class='ocr_line' id='line_1_5' title="bbox 138 729 1532 822; baseline 0.006 -28"><span class='ocrx_word' id='word_1_32' title='bbox 138 729 224 814; x_wconf 89' lang='lat' dir='ltr'>quod</span> <span class='ocrx_word' id='word_1_33' title='bbox 236 733 363 797; x_wconf 89' lang='lat' dir='ltr'>omnino</span> <span class='ocrx_word' id='word_1_34' title='bbox 375 733 446 798; x_wconf 90' lang='lat' dir='ltr'>loca</span> <span class='ocrx_word' id='word_1_35' title='bbox 458 734 605 799; x_wconf 87' lang='lat' dir='ltr'>Romana</span> <span class='ocrx_word' id='word_1_36' title='bbox 616 736 668 801; x_wconf 85' lang='lat' dir='ltr'>vel</span> <span class='ocrx_word' id='word_1_37' title='bbox 681 737 836 800; x_wconf 90' lang='lat' dir='ltr'>Romanis</span> <span class='ocrx_word' id='word_1_38' title='bbox 848 745 924 800; x_wconf 91' lang='lat' dir='ltr'>nota</span> <span class='ocrx_word' id='word_1_39' title='bbox 934 736 1008 822; x_wconf 87' lang='lat' dir='ltr'>plus</span> <span class='ocrx_word' id='word_1_40' title='bbox 1020 737 1246 822; x_wconf 89' lang='lat' dir='ltr'>respiciuntur,</span> <span class='ocrx_word' id='word_1_41' title='bbox 1264 758 1362 822; x_wconf 91' lang='lat' dir='ltr'>quam</span> <span class='ocrx_word' id='word_1_42' title='bbox 1373 760 1393 801; x_wconf 91' lang='lat' dir='ltr'>a</span> <span class='ocrx_word' id='word_1_43' title='bbox 1405 736 1532 802; x_wconf 82' lang='lat' dir='ltr'>Graeco</span> 
     </span>
     <span class='ocr_line' id='line_1_6' title="bbox 140 834 1537 927; baseline 0.006 -29"><span class='ocrx_word' id='word_1_44' title='bbox 140 834 267 898; x_wconf 91' lang='lat' dir='ltr'>homine</span> <span class='ocrx_word' id='word_1_45' title='bbox 287 839 405 923; x_wconf 77' lang='lat' dir='ltr'>respici</span> <span class='ocrx_word' id='word_1_46' title='bbox 421 840 687 927; x_wconf 86' lang='lat' dir='ltr'>exspectamus.¹)</span> <span class='ocrx_word' id='word_1_47' title='bbox 719 849 816 926; x_wconf 89' lang='lat' dir='ltr'>atque</span> <span class='ocrx_word' id='word_1_48' title='bbox 835 842 991 905; x_wconf 90' lang='lat' dir='ltr'>maiorem</span> <span class='ocrx_word' id='word_1_49' title='bbox 1011 841 1109 905; x_wconf 90' lang='lat' dir='ltr'>etiam</span> <span class='ocrx_word' id='word_1_50' title='bbox 1129 842 1336 905; x_wconf 89' lang='lat' dir='ltr'>coniecturae</span> <span class='ocrx_word' id='word_1_51' title='bbox 1356 864 1376 905; x_wconf 91' lang='lat' dir='ltr'>a</span> <span class='ocrx_word' id='word_1_52' title='bbox 1396 863 1448 905; x_wconf 90' lang='lat' dir='ltr'>me</span> <span class='ocrx_word' id='word_1_53' title='bbox 1468 864 1537 927; x_wconf 92' lang='lat' dir='ltr'>pro-</span> 
     </span>
     <span class='ocr_line' id='line_1_7' title="bbox 137 936 1535 1030; baseline 0.006 -28"><span class='ocrx_word' id='word_1_54' title='bbox 137 936 233 1004; x_wconf 89' lang='lat' dir='ltr'>batae</span> <span class='ocrx_word' id='word_1_55' title='bbox 256 939 354 1005; x_wconf 91' lang='lat' dir='ltr'>fidem</span> <span class='ocrx_word' id='word_1_56' title='bbox 380 940 472 1024; x_wconf 90' lang='lat' dir='ltr'>facit,</span> <span class='ocrx_word' id='word_1_57' title='bbox 502 943 589 1028; x_wconf 91' lang='lat' dir='ltr'>quod</span> <span class='ocrx_word' id='word_1_58' title='bbox 613 943 751 1009; x_wconf 88' lang='lat' dir='ltr'>Plinium</span> <span class='ocrx_word' id='word_1_59' title='bbox 778 943 947 1009; x_wconf 90' lang='lat' dir='ltr'>vocabulis</span> <span class='ocrx_word' id='word_1_60' title='bbox 977 944 1174 1030; x_wconf 90' lang='lat' dir='ltr'>quibusdam</span> <span class='ocrx_word' id='word_1_61' title='bbox 1198 944 1324 1008; x_wconf 89' lang='lat' dir='ltr'>Latinis</span> <span class='ocrx_word' id='word_1_62' title='bbox 1347 968 1441 1010; x_wconf 90' lang='lat' dir='ltr'>usum</span> <span class='ocrx_word' id='word_1_63' title='bbox 1465 968 1535 1010; x_wconf 89' lang='lat' dir='ltr'>esse</span> 
     </span>
     <span class='ocr_line' id='line_1_8' title="bbox 141 1043 1534 1133; baseline 0.006 -27"><span class='ocrx_word' id='word_1_64' title='bbox 141 1043 305 1130; x_wconf 88' lang='lat' dir='ltr'>videmus,</span> <span class='ocrx_word' id='word_1_65' title='bbox 332 1068 414 1130; x_wconf 90' lang='lat' dir='ltr'>quae</span> <span class='ocrx_word' id='word_1_66' title='bbox 435 1049 493 1111; x_wconf 91' lang='lat' dir='ltr'>vix</span> <span class='ocrx_word' id='word_1_67' title='bbox 511 1046 726 1133; x_wconf 77' lang='lat' dir='ltr'>adhibuisset,</span> <span class='ocrx_word' id='word_1_68' title='bbox 747 1050 773 1112; x_wconf 93' lang='lat' dir='ltr'>si</span> <span class='ocrx_word' id='word_1_69' title='bbox 794 1048 958 1113; x_wconf 84' lang='lat' dir='ltr'>Graecum</span> <span class='ocrx_word' id='word_1_70' title='bbox 978 1059 1108 1112; x_wconf 87' lang='lat' dir='ltr'>secutus</span> <span class='ocrx_word' id='word_1_71' title='bbox 1129 1059 1214 1113; x_wconf 87' lang='lat' dir='ltr'>esset</span> <span class='ocrx_word' id='word_1_72' title='bbox 1234 1058 1412 1114; x_wconf 83' lang='lat' dir='ltr'>auctorem:</span> <span class='ocrx_word' id='word_1_73' title='bbox 1433 1051 1534 1115; x_wconf 88' lang='lat' dir='ltr'>veluti</span> 
     </span>
     <span class='ocr_line' id='line_1_9' title="bbox 140 1151 1534 1240; baseline 0.006 -28"><span class='ocrx_word' id='word_1_74' title='bbox 140 1169 334 1232; x_wconf 86' lang='lat' dir='ltr'>gnomonem</span> <span class='ocrx_word' id='word_1_75' title='bbox 346 1151 534 1216; x_wconf 90' lang='lat' dir='ltr'>umbilicum</span> <span class='ocrx_word' id='word_1_76' title='bbox 547 1151 724 1238; x_wconf 85' lang='lat' dir='ltr'>adpellavit</span> <span class='ocrx_word' id='word_1_77' title='bbox 739 1176 780 1217; x_wconf 92' lang='lat' dir='ltr'>ss.</span> <span class='ocrx_word' id='word_1_78' title='bbox 794 1153 868 1235; x_wconf 89' lang='grc'><strong>212,</strong></span> <span class='ocrx_word' id='word_1_79' title='bbox 885 1154 958 1235; x_wconf 83' lang='grc'><strong>213,</strong></span> <span class='ocrx_word' id='word_1_80' title='bbox 975 1153 1049 1236; x_wconf 85' lang='grc'><strong>218,</strong></span> <span class='ocrx_word' id='word_1_81' title='bbox 1066 1153 1153 1239; x_wconf 89' lang='lat' dir='ltr'>quod</span> <span class='ocrx_word' id='word_1_82' title='bbox 1167 1175 1285 1219; x_wconf 91' lang='lat' dir='ltr'>nomen</span> <span class='ocrx_word' id='word_1_83' title='bbox 1300 1157 1376 1219; x_wconf 92' lang='lat' dir='ltr'>satis</span> <span class='ocrx_word' id='word_1_84' title='bbox 1391 1155 1534 1240; x_wconf 89' lang='lat' dir='ltr'>lepidum</span> 
     </span>
     <span class='ocr_line' id='line_1_10' title="bbox 140 1251 1535 1344; baseline 0.004 -26"><span class='ocrx_word' id='word_1_85' title='bbox 140 1263 173 1318; x_wconf 86' lang='lat' dir='ltr'>et</span> <span class='ocrx_word' id='word_1_86' title='bbox 187 1277 206 1317; x_wconf 91' lang='grc'>1</span> <span class='ocrx_word' id='word_1_87' title='bbox 219 1251 346 1320; x_wconf 80' lang='lat' dir='ltr'>Graeco</span> <span class='ocrx_word' id='word_1_88' title='bbox 361 1260 529 1338; x_wconf 86' lang='lat' dir='ltr'>gnomonis</span> <span class='ocrx_word' id='word_1_89' title='bbox 545 1259 673 1322; x_wconf 92' lang='lat' dir='ltr'>nomine</span> <span class='ocrx_word' id='word_1_90' title='bbox 689 1281 821 1344; x_wconf 89' lang='lat' dir='ltr'>prorsus</span> <span class='ocrx_word' id='word_1_91' title='bbox 837 1258 979 1323; x_wconf 87' lang='lat' dir='ltr'>alienum</span> <span class='ocrx_word' id='word_1_92' title='bbox 995 1271 1124 1344; x_wconf 89' lang='lat' dir='ltr'>praeter</span> <span class='ocrx_word' id='word_1_93' title='bbox 1139 1258 1199 1323; x_wconf 95' lang='lat' dir='ltr'>hos</span> <span class='ocrx_word' id='word_1_94' title='bbox 1213 1257 1301 1324; x_wconf 91' lang='lat' dir='ltr'>locos</span> <span class='ocrx_word' id='word_1_95' title='bbox 1316 1260 1535 1324; x_wconf 89' lang='lat' dir='ltr'>tantummodo</span> 
     </span>
     <span class='ocr_line' id='line_1_11' title="bbox 139 1355 1534 1449; baseline 0.005 -28"><span class='ocrx_word' id='word_1_96' title='bbox 139 1355 179 1424; x_wconf 96' lang='lat' dir='ltr'>N.</span> <span class='ocrx_word' id='word_1_97' title='bbox 197 1359 239 1422; x_wconf 92' lang='lat' dir='ltr'>H.</span> <span class='ocrx_word' id='word_1_98' title='bbox 257 1359 299 1440; x_wconf 89' lang='lat' dir='ltr'>II,</span> <span class='ocrx_word' id='word_1_99' title='bbox 318 1359 381 1424; x_wconf 90' lang='grc'>182</span> <span class='ocrx_word' id='word_1_100' title='bbox 401 1360 584 1447; x_wconf 53' lang='grc'><strong>(1111111111,</strong></span> <span class='ocrx_word' id='word_1_101' title='bbox 607 1385 702 1448; x_wconf 92' lang='lat' dir='ltr'>quem</span> <span class='ocrx_word' id='word_1_102' title='bbox 724 1384 918 1447; x_wconf 83' lang='lat' dir='ltr'>gnomonem</span> <span class='ocrx_word' id='word_1_103' title='bbox 937 1362 1117 1448; x_wconf 91' lang='lat' dir='ltr'>appellant,</span> <span class='ocrx_word' id='word_1_104' title='bbox 1141 1362 1283 1449; x_wconf 90' lang='lat' dir='ltr'>umbra’)</span> <span class='ocrx_word' id='word_1_105' title='bbox 1305 1363 1346 1427; x_wconf 91' lang='lat' dir='ltr'>dc</span> <span class='ocrx_word' id='word_1_106' title='bbox 1367 1363 1481 1428; x_wconf 89' lang='lat' dir='ltr'>eadem</span> <span class='ocrx_word' id='word_1_107' title='bbox 1499 1388 1534 1429; x_wconf 89' lang='lat' dir='ltr'>re</span> 
     </span>
     <span class='ocr_line' id='line_1_12' title="bbox 138 1462 1534 1556; baseline 0.004 -30"><span class='ocrx_word' id='word_1_108' title='bbox 138 1462 319 1528; x_wconf 86' lang='lat' dir='ltr'>adhibetur.</span> <span class='ocrx_word' id='word_1_109' title='bbox 341 1487 437 1550; x_wconf 93' lang='lat' dir='ltr'>quem</span> <span class='ocrx_word' id='word_1_110' title='bbox 448 1466 564 1552; x_wconf 91' lang='lat' dir='ltr'>locum,</span> <span class='ocrx_word' id='word_1_111' title='bbox 582 1469 672 1531; x_wconf 90' lang='lat' dir='ltr'>cuius</span> <span class='ocrx_word' id='word_1_112' title='bbox 689 1470 816 1533; x_wconf 91' lang='lat' dir='ltr'>omnino</span> <span class='ocrx_word' id='word_1_113' title='bbox 832 1489 1036 1552; x_wconf 89' lang='lat' dir='ltr'>magnacum</span> <span class='ocrx_word' id='word_1_114' title='bbox 1052 1467 1124 1549; x_wconf 92' lang='lat' dir='ltr'>hoo,</span> <span class='ocrx_word' id='word_1_115' title='bbox 1141 1467 1182 1532; x_wconf 93' lang='lat' dir='ltr'>de</span> <span class='ocrx_word' id='word_1_116' title='bbox 1199 1490 1261 1556; x_wconf 92' lang='lat' dir='ltr'>quo</span> <span class='ocrx_word' id='word_1_117' title='bbox 1276 1469 1412 1552; x_wconf 91' lang='lat' dir='ltr'>agimus,</span> <span class='ocrx_word' id='word_1_118' title='bbox 1429 1471 1534 1553; x_wconf 89' lang='lat' dir='ltr'>eapite</span> 
     </span>
     <span class='ocr_line' id='line_1_13' title="bbox 141 1566 1536 1657; baseline 0.004 -26"><span class='ocrx_word' id='word_1_119' title='bbox 141 1566 316 1633; x_wconf 88' lang='lat' dir='ltr'>similitudo</span> <span class='ocrx_word' id='word_1_120' title='bbox 334 1579 391 1651; x_wconf 92' lang='lat' dir='ltr'>est,</span> <span class='ocrx_word' id='word_1_121' title='bbox 408 1580 440 1634; x_wconf 90' lang='lat' dir='ltr'>et</span> <span class='ocrx_word' id='word_1_122' title='bbox 455 1573 560 1657; x_wconf 88' lang='lat' dir='ltr'>ipsum</span> <span class='ocrx_word' id='word_1_123' title='bbox 576 1572 721 1637; x_wconf 90' lang='lat' dir='ltr'>Romano</span> <span class='ocrx_word' id='word_1_124' title='bbox 737 1572 818 1636; x_wconf 89' lang='lat' dir='ltr'>fonti</span> <span class='ocrx_word' id='word_1_125' title='bbox 834 1572 947 1637; x_wconf 91' lang='lat' dir='ltr'>deberi</span> <span class='ocrx_word' id='word_1_126' title='bbox 963 1578 1061 1638; x_wconf 88' lang='lat' dir='ltr'>etiam</span> <span class='ocrx_word' id='word_1_127' title='bbox 1074 1595 1126 1636; x_wconf 88' lang='lat' dir='ltr'>res</span> <span class='ocrx_word' id='word_1_128' title='bbox 1139 1571 1257 1637; x_wconf 90' lang='lat' dir='ltr'>deinde</span> <span class='ocrx_word' id='word_1_129' title='bbox 1271 1581 1536 1637; x_wconf 88' lang='lat' dir='ltr'>commemoratae</span> 
     </span>
     <span class='ocr_line' id='line_1_14' title="bbox 140 1675 1534 1761; baseline 0.004 -25"><span class='ocrx_word' id='word_1_130' title='bbox 140 1683 330 1757; x_wconf 91' lang='lat' dir='ltr'>argumento</span> <span class='ocrx_word' id='word_1_131' title='bbox 351 1685 433 1741; x_wconf 86' lang='lat' dir='ltr'>sunt.</span> <span class='ocrx_word' id='word_1_132' title='bbox 465 1685 635 1760; x_wconf 90' lang='lat' dir='ltr'>praeterea</span> <span class='ocrx_word' id='word_1_133' title='bbox 650 1676 783 1758; x_wconf 83' lang='lat' dir='ltr'>Plinius,</span> <span class='ocrx_word' id='word_1_134' title='bbox 805 1699 879 1741; x_wconf 92' lang='lat' dir='ltr'>cum</span> <span class='ocrx_word' id='word_1_135' title='bbox 900 1677 980 1740; x_wconf 87' lang='lat' dir='ltr'>alias</span> <span class='ocrx_word' id='word_1_136' title='bbox 1001 1675 1139 1761; x_wconf 90' lang='lat' dir='ltr'>pedibus</span> <span class='ocrx_word' id='word_1_137' title='bbox 1160 1675 1330 1740; x_wconf 90' lang='lat' dir='ltr'>umbilicos</span> <span class='ocrx_word' id='word_1_138' title='bbox 1351 1686 1382 1740; x_wconf 91' lang='grc'>11</span> <span class='ocrx_word' id='word_1_139' title='bbox 1401 1677 1534 1741; x_wconf 89' lang='lat' dir='ltr'>umbras</span> 
     </span>
     <span class='ocr_line' id='line_1_15' title="bbox 142 1779 1536 1866; baseline 0.002 -25"><span class='ocrx_word' id='word_1_140' title='bbox 142 1779 302 1860; x_wconf 89' lang='lat' dir='ltr'>metiatur,</span> <span class='ocrx_word' id='word_1_141' title='bbox 324 1779 417 1844; x_wconf 81' lang='lat' dir='ltr'>s.214</span> <span class='ocrx_word' id='word_1_142' title='bbox 438 1782 471 1843; x_wconf 92' lang='lat' dir='ltr'>in</span> <span class='ocrx_word' id='word_1_143' title='bbox 487 1780 702 1848; x_wconf 90' lang='lat' dir='ltr'>describendo</span> <span class='ocrx_word' id='word_1_144' title='bbox 723 1782 819 1845; x_wconf 91' lang='lat' dir='ltr'>tertie</span> <span class='ocrx_word' id='word_1_145' title='bbox 841 1781 975 1865; x_wconf 93' lang='lat' dir='ltr'>circulo,</span> <span class='ocrx_word' id='word_1_146' title='bbox 997 1783 1052 1866; x_wconf 91' lang='lat' dir='ltr'>qui</span> <span class='ocrx_word' id='word_1_147' title='bbox 1072 1782 1169 1845; x_wconf 91' lang='lat' dir='ltr'>etiam</span> <span class='ocrx_word' id='word_1_148' title='bbox 1185 1779 1329 1846; x_wconf 86' lang='lat' dir='ltr'>Siciliam</span> <span class='ocrx_word' id='word_1_149' title='bbox 1345 1781 1485 1846; x_wconf 90' lang='lat' dir='ltr'>mediam</span> <span class='ocrx_word' id='word_1_150' title='bbox 1503 1790 1536 1844; x_wconf 91' lang='grc'>11</span> 
     </span>
     <span class='ocr_line' id='line_1_16' title="bbox 140 1881 1533 1971; baseline 0.001 -24"><span class='ocrx_word' id='word_1_151' title='bbox 140 1881 324 1948; x_wconf 81' lang='lat' dir='ltr'>Sardiniam</span> <span class='ocrx_word' id='word_1_152' title='bbox 345 1886 487 1950; x_wconf 90' lang='lat' dir='ltr'>continet</span> <span class='ocrx_word' id='word_1_153' title='bbox 502 1885 583 1950; x_wconf 89' lang='lat' dir='ltr'>haec</span> <span class='ocrx_word' id='word_1_154' title='bbox 603 1886 694 1950; x_wconf 88' lang='lat' dir='ltr'>dicit:</span> <span class='ocrx_word' id='word_1_155' title='bbox 713 1887 890 1971; x_wconf 80' lang='lat' dir='ltr'>‘gnomonis</span> <span class='ocrx_word' id='word_1_156' title='bbox 906 1884 933 1950; x_wconf 83' lang='lat' dir='ltr'>O</span> <span class='ocrx_word' id='word_1_157' title='bbox 949 1886 1065 1949; x_wconf 91' lang='lat' dir='ltr'>unciae</span> <span class='ocrx_word' id='word_1_158' title='bbox 1080 1883 1229 1950; x_wconf 92' lang='lat' dir='ltr'>umbram</span> <span class='ocrx_word' id='word_1_159' title='bbox 1245 1884 1410 1949; x_wconf 87' lang='lat' dir='ltr'>LXXVII</span> <span class='ocrx_word' id='word_1_160' title='bbox 1426 1888 1533 1950; x_wconf 92' lang='lat' dir='ltr'>uncia·</span> 
     </span>
     <span class='ocr_line' id='line_1_17' title="bbox 136 1987 1533 2076; baseline 0.004 -28"><span class='ocrx_word' id='word_1_161' title='bbox 136 2009 207 2050; x_wconf 91' lang='lat' dir='ltr'>rum</span> <span class='ocrx_word' id='word_1_162' title='bbox 231 1987 404 2075; x_wconf 77' lang='lat' dir='ltr'>faciunt.’²)</span> <span class='ocrx_word' id='word_1_163' title='bbox 440 1989 587 2054; x_wconf 83' lang='lat' dir='ltr'>videmus</span> <span class='ocrx_word' id='word_1_164' title='bbox 611 1992 710 2074; x_wconf 88' lang='lat' dir='ltr'>igitur</span> <span class='ocrx_word' id='word_1_165' title='bbox 732 2012 806 2055; x_wconf 90' lang='lat' dir='ltr'>eum</span> <span class='ocrx_word' id='word_1_166' title='bbox 826 1989 857 2056; x_wconf 93' lang='lat' dir='ltr'>h.</span> <span class='ocrx_word' id='word_1_167' title='bbox 876 1989 895 2054; x_wconf 95' lang='grc'>1.</span> <span class='ocrx_word' id='word_1_168' title='bbox 918 2011 1069 2054; x_wconf 91' lang='lat' dir='ltr'>mensura</span> <span class='ocrx_word' id='word_1_169' title='bbox 1088 1989 1308 2054; x_wconf 89' lang='lat' dir='ltr'>Romanorum</span> <span class='ocrx_word' id='word_1_170' title='bbox 1327 1992 1458 2076; x_wconf 92' lang='lat' dir='ltr'>propria</span> <span class='ocrx_word' id='word_1_171' title='bbox 1477 1992 1533 2071; x_wconf 88' lang='lat' dir='ltr'>uti,</span> 
     </span>
     <span class='ocr_line' id='line_1_18' title="bbox 137 2079 1534 2180; baseline 0.003 -26"><span class='ocrx_word' id='word_1_172' title='bbox 137 2094 188 2156; x_wconf 91' lang='lat' dir='ltr'>cui</span> <span class='ocrx_word' id='word_1_173' title='bbox 211 2091 298 2157; x_wconf 89' lang='lat' dir='ltr'>nulla</span> <span class='ocrx_word' id='word_1_174' title='bbox 314 2091 515 2158; x_wconf 79' lang='lat' dir='ltr'>Graecorum</span> <span class='ocrx_word' id='word_1_175' title='bbox 542 2094 726 2179; x_wconf 91' lang='lat' dir='ltr'>respondet.</span> <span class='ocrx_word' id='word_1_176' title='bbox 761 2094 902 2158; x_wconf 90' lang='lat' dir='ltr'>Plinium</span> <span class='ocrx_word' id='word_1_177' title='bbox 930 2079 1048 2178; x_wconf 82' lang='lat' dir='ltr'>autem,</span> <span class='ocrx_word' id='word_1_178' title='bbox 1077 2115 1173 2180; x_wconf 92' lang='lat' dir='ltr'>quem</span> <span class='ocrx_word' id='word_1_179' title='bbox 1195 2095 1292 2156; x_wconf 84' lang='lat' dir='ltr'>etiam</span> <span class='ocrx_word' id='word_1_180' title='bbox 1319 2095 1354 2156; x_wconf 95' lang='lat' dir='ltr'>in</span> <span class='ocrx_word' id='word_1_181' title='bbox 1376 2101 1534 2158; x_wconf 89' lang='lat' dir='ltr'>terrarum</span> 
     </span>
     <span class='ocr_line' id='line_1_19' title="bbox 136 2197 1533 2283; baseline 0.001 -24"><span class='ocrx_word' id='word_1_182' title='bbox 136 2199 294 2260; x_wconf 88' lang='lat' dir='ltr'>mensuris</span> <span class='ocrx_word' id='word_1_183' title='bbox 314 2197 396 2262; x_wconf 90' lang='lat' dir='ltr'>adeo</span> <span class='ocrx_word' id='word_1_184' title='bbox 416 2207 584 2263; x_wconf 90' lang='lat' dir='ltr'>auctorum</span> <span class='ocrx_word' id='word_1_185' title='bbox 600 2200 737 2282; x_wconf 89' lang='lat' dir='ltr'>vestigia</span> <span class='ocrx_word' id='word_1_186' title='bbox 751 2201 919 2283; x_wconf 87' lang='lat' dir='ltr'>pressisse,</span> <span class='ocrx_word' id='word_1_187' title='bbox 940 2207 975 2262; x_wconf 92' lang='lat' dir='ltr'>ut</span> <span class='ocrx_word' id='word_1_188' title='bbox 995 2200 1121 2282; x_wconf 89' lang='grc'><strong>111111,</strong></span> <span class='ocrx_word' id='word_1_189' title='bbox 1141 2206 1177 2261; x_wconf 90' lang='lat' dir='ltr'>ut</span> <span class='ocrx_word' id='word_1_190' title='bbox 1191 2197 1328 2262; x_wconf 90' lang='lat' dir='ltr'>traditas</span> <span class='ocrx_word' id='word_1_191' title='bbox 1348 2198 1533 2279; x_wconf 90' lang='lat' dir='ltr'>invenisset,</span> 
     </span>
     <span class='ocr_line' id='line_1_20' title="bbox 137 2301 1533 2390; baseline 0.001 -28"><span class='ocrx_word' id='word_1_192' title='bbox 137 2309 193 2363; x_wconf 91' lang='lat' dir='ltr'>aut</span> <span class='ocrx_word' id='word_1_193' title='bbox 205 2301 380 2366; x_wconf 89' lang='lat' dir='ltr'>stadiorum</span> <span class='ocrx_word' id='word_1_194' title='bbox 392 2313 447 2368; x_wconf 91' lang='lat' dir='ltr'>aut</span> <span class='ocrx_word' id='word_1_195' title='bbox 457 2325 612 2390; x_wconf 86' lang='lat' dir='ltr'>passuum</span> <span class='ocrx_word' id='word_1_196' title='bbox 624 2305 766 2368; x_wconf 90' lang='lat' dir='ltr'>numeris</span> <span class='ocrx_word' id='word_1_197' title='bbox 779 2303 937 2380; x_wconf 88' lang='lat' dir='ltr'>definiret,</span> <span class='ocrx_word' id='word_1_198' title='bbox 950 2301 1533 2387; x_wconf 73' lang='grc' dir='ltr'><strong>111011111111111111(Α11,11111111.</strong></span> 
     </span>
     <span class='ocr_line' id='line_1_21' title="bbox 137 2403 1533 2494; baseline 0.003 -27"><span class='ocrx_word' id='word_1_199' title='bbox 137 2403 226 2490; x_wconf 90' lang='lat' dir='ltr'>Lips.</span> <span class='ocrx_word' id='word_1_200' title='bbox 239 2403 300 2489; x_wconf 90' lang='lat' dir='ltr'>III,</span> <span class='ocrx_word' id='word_1_201' title='bbox 312 2429 344 2491; x_wconf 87' lang='lat' dir='ltr'>p.</span> <span class='ocrx_word' id='word_1_202' title='bbox 357 2407 435 2491; x_wconf 83' lang='lat'>439)</span> <span class='ocrx_word' id='word_1_203' title='bbox 452 2408 570 2491; x_wconf 88' lang='lat' dir='ltr'>docuit,</span> <span class='ocrx_word' id='word_1_204' title='bbox 588 2431 646 2474; x_wconf 90' lang='lat' dir='ltr'>sua</span> <span class='ocrx_word' id='word_1_205' title='bbox 656 2411 779 2474; x_wconf 87' lang='lat' dir='ltr'>ratione</span> <span class='ocrx_word' id='word_1_206' title='bbox 791 2431 850 2494; x_wconf 89' lang='lat' dir='ltr'>pro</span> <span class='ocrx_word' id='word_1_207' title='bbox 863 2407 990 2473; x_wconf 84' lang='lat' dir='ltr'>Graeca</span> <span class='ocrx_word' id='word_1_208' title='bbox 1001 2407 1182 2472; x_wconf 85' lang='lat' dir='ltr'>Romanam</span> <span class='ocrx_word' id='word_1_209' title='bbox 1195 2406 1398 2470; x_wconf 88' lang='lat' dir='ltr'>substituisse</span> <span class='ocrx_word' id='word_1_210' title='bbox 1410 2428 1533 2471; x_wconf 90' lang='lat' dir='ltr'>mensu-</span> 
     </span>
     <span class='ocr_line' id='line_1_22' title="bbox 134 2508 749 2599; baseline 0.007 -26"><span class='ocrx_word' id='word_1_211' title='bbox 134 2529 204 2574; x_wconf 91' lang='lat' dir='ltr'>ram</span> <span class='ocrx_word' id='word_1_212' title='bbox 219 2508 261 2574; x_wconf 93' lang='lat' dir='ltr'>ab</span> <span class='ocrx_word' id='word_1_213' title='bbox 278 2513 448 2578; x_wconf 83' lang='lat' dir='ltr'>omnivori</span> <span class='ocrx_word' id='word_1_214' title='bbox 465 2516 572 2599; x_wconf 88' lang='lat' dir='ltr'>specie</span> <span class='ocrx_word' id='word_1_215' title='bbox 588 2513 749 2579; x_wconf 88' lang='lat' dir='ltr'>abhorret.</span> 
     </span>
    </p>

    <p class='ocr_par' dir='ltr' id='par_1_3' title="bbox 60 2615 1535 3120">
     <span class='ocr_line' id='line_1_23' title="bbox 240 2615 1533 2705; baseline -0.002 -25"><span class='ocrx_word' id='word_1_216' title='bbox 240 2616 341 2701; x_wconf 84' lang='lat' dir='ltr'>Ergo,</span> <span class='ocrx_word' id='word_1_217' title='bbox 366 2639 440 2682; x_wconf 93' lang='lat' dir='ltr'>oum</span> <span class='ocrx_word' id='word_1_218' title='bbox 462 2618 558 2682; x_wconf 91' lang='lat' dir='ltr'>huius</span> <span class='ocrx_word' id='word_1_219' title='bbox 581 2618 806 2705; x_wconf 89' lang='lat' dir='ltr'>disputationis</span> <span class='ocrx_word' id='word_1_220' title='bbox 836 2617 1007 2701; x_wconf 90' lang='lat' dir='ltr'>singularis</span> <span class='ocrx_word' id='word_1_221' title='bbox 1029 2616 1209 2697; x_wconf 86' lang='lat' dir='ltr'>doctrinae,</span> <span class='ocrx_word' id='word_1_222' title='bbox 1242 2615 1433 2702; x_wconf 90' lang='lat' dir='ltr'>plerumque</span> <span class='ocrx_word' id='word_1_223' title='bbox 1457 2636 1533 2678; x_wconf 91' lang='lat' dir='ltr'>sane</span> 
     </span>
     <span class='ocr_line' id='line_1_24' title="bbox 137 2720 1534 2806; baseline -0.001 -23"><span class='ocrx_word' id='word_1_224' title='bbox 137 2720 259 2799; x_wconf 84' lang='lat' dir='ltr'>futtilis,</span> <span class='ocrx_word' id='word_1_225' title='bbox 281 2721 399 2806; x_wconf 90' lang='lat' dir='ltr'>plenae</span> <span class='ocrx_word' id='word_1_226' title='bbox 430 2733 544 2788; x_wconf 92' lang='lat' dir='ltr'>auctor</span> <span class='ocrx_word' id='word_1_227' title='bbox 562 2724 728 2789; x_wconf 90' lang='lat' dir='ltr'>Romanus</span> <span class='ocrx_word' id='word_1_228' title='bbox 744 2723 844 2787; x_wconf 88' lang='lat' dir='ltr'>fuisse</span> <span class='ocrx_word' id='word_1_229' title='bbox 860 2723 1025 2803; x_wconf 88' lang='lat' dir='ltr'>videatur,</span> <span class='ocrx_word' id='word_1_230' title='bbox 1046 2720 1141 2785; x_wconf 90' lang='lat' dir='ltr'>facile</span> <span class='ocrx_word' id='word_1_231' title='bbox 1156 2723 1234 2802; x_wconf 92' lang='lat' dir='ltr'>iam,</span> <span class='ocrx_word' id='word_1_232' title='bbox 1256 2721 1446 2806; x_wconf 89' lang='lat' dir='ltr'>praesertim</span> <span class='ocrx_word' id='word_1_233' title='bbox 1463 2742 1534 2784; x_wconf 91' lang='lat' dir='ltr'>cum</span> 
     </span>
     <span class='ocr_line' id='line_1_25' title="bbox 136 2823 1534 2910; baseline 0 -21"><span class='ocrx_word' id='word_1_234' title='bbox 136 2825 321 2890; x_wconf 86' lang='lat' dir='ltr'>Varronem</span> <span class='ocrx_word' id='word_1_235' title='bbox 338 2827 435 2891; x_wconf 90' lang='lat' dir='ltr'>aliam</span> <span class='ocrx_word' id='word_1_236' title='bbox 450 2829 484 2890; x_wconf 95' lang='lat' dir='ltr'>in</span> <span class='ocrx_word' id='word_1_237' title='bbox 500 2827 549 2891; x_wconf 92' lang='lat' dir='ltr'>his</span> <span class='ocrx_word' id='word_1_238' title='bbox 565 2827 663 2892; x_wconf 89' lang='lat' dir='ltr'>rebus</span> <span class='ocrx_word' id='word_1_239' title='bbox 679 2829 837 2893; x_wconf 90' lang='lat' dir='ltr'>rationem</span> <span class='ocrx_word' id='word_1_240' title='bbox 854 2836 1001 2891; x_wconf 88' lang='lat' dir='ltr'>secutum</span> <span class='ocrx_word' id='word_1_241' title='bbox 1016 2848 1087 2889; x_wconf 90' lang='lat' dir='ltr'>esse</span> <span class='ocrx_word' id='word_1_242' title='bbox 1103 2824 1285 2888; x_wconf 86' lang='lat' dir='ltr'>eMartiani</span> <span class='ocrx_word' id='word_1_243' title='bbox 1298 2823 1450 2910; x_wconf 82' lang='lat' dir='ltr'>Capellae</span> <span class='ocrx_word' id='word_1_244' title='bbox 1465 2823 1534 2889; x_wconf 93' lang='lat' dir='ltr'>looo</span> 
     </span>
     <span class='ocr_line' id='line_1_26' title="bbox 137 2928 1535 3018; baseline -0.001 -24"><span class='ocrx_word' id='word_1_245' title='bbox 137 2930 229 3015; x_wconf 91' lang='lat' dir='ltr'>VIII,</span> <span class='ocrx_word' id='word_1_246' title='bbox 246 2930 310 2996; x_wconf 84' lang='grc'>816</span> <span class='ocrx_word' id='word_1_247' title='bbox 326 2931 569 3018; x_wconf 81' lang='lat' dir='ltr'>intellegatur,³)</span> <span class='ocrx_word' id='word_1_248' title='bbox 590 2956 610 2996; x_wconf 90' lang='lat' dir='ltr'>a</span> <span class='ocrx_word' id='word_1_249' title='bbox 624 2932 754 3016; x_wconf 81' lang='lat' dir='ltr'>Nigidio</span> <span class='ocrx_word' id='word_1_250' title='bbox 776 2954 848 2996; x_wconf 89' lang='grc'><strong>1111</strong></span> <span class='ocrx_word' id='word_1_251' title='bbox 869 2930 1048 3017; x_wconf 88' lang='lat' dir='ltr'>profectam</span> <span class='ocrx_word' id='word_1_252' title='bbox 1064 2951 1135 2993; x_wconf 91' lang='lat' dir='ltr'>esse</span> <span class='ocrx_word' id='word_1_253' title='bbox 1152 2928 1358 2994; x_wconf 87' lang='lat' dir='ltr'>concedetur.</span> <span class='ocrx_word' id='word_1_254' title='bbox 1389 2928 1447 2992; x_wconf 89' lang='lat' dir='ltr'>sed</span> <span class='ocrx_word' id='word_1_255' title='bbox 1463 2951 1535 2992; x_wconf 89' lang='lat' dir='ltr'>oum</span> 
     </span>
     <span class='ocr_line' id='line_1_27' title="bbox 60 3031 1534 3120; baseline -0.003 -22"><span class='ocrx_word' id='word_1_256' title='bbox 60 3107 61 3116; x_wconf 17' lang='lat'>¹</span> <span class='ocrx_word' id='word_1_257' title='bbox 136 3035 299 3100; x_wconf 92' lang='lat' dir='ltr'>Brunnius</span> <span class='ocrx_word' id='word_1_258' title='bbox 319 3035 380 3101; x_wconf 90' lang='lat' dir='ltr'>hoc</span> <span class='ocrx_word' id='word_1_259' title='bbox 394 3037 612 3120; x_wconf 83' lang='lat' dir='ltr'>fragmentum</span> <span class='ocrx_word' id='word_1_260' title='bbox 627 3035 670 3100; x_wconf 88' lang='lat' dir='ltr'>ad</span> <span class='ocrx_word' id='word_1_261' title='bbox 686 3036 914 3119; x_wconf 89' lang='lat' dir='ltr'>astrologicum</span> <span class='ocrx_word' id='word_1_262' title='bbox 926 3034 1047 3118; x_wconf 84' lang='lat' dir='ltr'>Nigidii</span> <span class='ocrx_word' id='word_1_263' title='bbox 1063 3055 1142 3120; x_wconf 90' lang='lat' dir='ltr'>opus</span> <span class='ocrx_word' id='word_1_264' title='bbox 1158 3032 1327 3114; x_wconf 89' lang='lat' dir='ltr'>rettulerit,</span> <span class='ocrx_word' id='word_1_265' title='bbox 1344 3031 1534 3116; x_wconf 84' lang='lat' dir='ltr'>Roehrigius</span> 
     </span>
    </p>

    <p class='ocr_par' dir='ltr' id='par_1_4' title="bbox 102 3136 1537 3861">
     <span class='ocr_line' id='line_1_28' title="bbox 102 3136 1534 3226; baseline -0.003 -23"><span class='ocrx_word' id='word_1_266' title='bbox 102 3201 104 3203; x_wconf 82' lang='grc'><strong>,</strong></span> <span class='ocrx_word' id='word_1_267' title='bbox 136 3139 156 3203; x_wconf 95' lang='grc'>1.</span> <span class='ocrx_word' id='word_1_268' title='bbox 170 3162 197 3204; x_wconf 89' lang='lat' dir='ltr'>e.</span> <span class='ocrx_word' id='word_1_269' title='bbox 210 3162 242 3225; x_wconf 90' lang='lat' dir='ltr'>p.</span> <span class='ocrx_word' id='word_1_270' title='bbox 255 3138 535 3226; x_wconf 83' lang='lat' dir='ltr'>58·geographico</span> <span class='ocrx_word' id='word_1_271' title='bbox 556 3141 645 3225; x_wconf 87' lang='lat' dir='ltr'>operi</span> <span class='ocrx_word' id='word_1_272' title='bbox 664 3140 790 3221; x_wconf 88' lang='lat' dir='ltr'>tribuit,</span> <span class='ocrx_word' id='word_1_273' title='bbox 813 3140 900 3224; x_wconf 91' lang='lat' dir='ltr'>quod</span> <span class='ocrx_word' id='word_1_274' title='bbox 919 3138 1085 3222; x_wconf 87' lang='lat' dir='ltr'>Nigidium</span> <span class='ocrx_word' id='word_1_275' title='bbox 1106 3136 1157 3201; x_wconf 83' lang='lat' dir='ltr'>‘de</span> <span class='ocrx_word' id='word_1_276' title='bbox 1178 3137 1283 3200; x_wconf 88' lang='lat' dir='ltr'>terris&#39;</span> <span class='ocrx_word' id='word_1_277' title='bbox 1306 3137 1534 3222; x_wconf 89' lang='lat' dir='ltr'>conscripsisse</span> 
     </span>
     <span class='ocr_line' id='line_1_29' title="bbox 138 3240 1537 3329; baseline -0.004 -21"><span class='ocrx_word' id='word_1_278' title='bbox 138 3242 307 3308; x_wconf 91' lang='lat' dir='ltr'>Kleinium</span> <span class='ocrx_word' id='word_1_279' title='bbox 329 3243 373 3328; x_wconf 86' lang='lat' dir='ltr'>(V.</span> <span class='ocrx_word' id='word_1_280' title='bbox 392 3244 552 3309; x_wconf 90' lang='lat' dir='ltr'>dissertat.</span> <span class='ocrx_word' id='word_1_281' title='bbox 571 3268 595 3308; x_wconf 90' lang='lat' dir='ltr'>s.</span> <span class='ocrx_word' id='word_1_282' title='bbox 615 3267 642 3308; x_wconf 93' lang='grc'>1.</span> <span class='ocrx_word' id='word_1_283' title='bbox 662 3253 741 3308; x_wconf 89' lang='lat' dir='ltr'>sent.</span> <span class='ocrx_word' id='word_1_284' title='bbox 761 3254 905 3308; x_wconf 89' lang='lat' dir='ltr'>controv.</span> <span class='ocrx_word' id='word_1_285' title='bbox 918 3241 1029 3324; x_wconf 90' lang='lat' dir='ltr'>VIIII,</span> <span class='ocrx_word' id='word_1_286' title='bbox 1045 3266 1076 3329; x_wconf 94' lang='lat' dir='ltr'>p.</span> <span class='ocrx_word' id='word_1_287' title='bbox 1094 3240 1151 3326; x_wconf 86' lang='grc'>26)</span> <span class='ocrx_word' id='word_1_288' title='bbox 1171 3249 1301 3305; x_wconf 90' lang='lat' dir='ltr'>secutus</span> <span class='ocrx_word' id='word_1_289' title='bbox 1321 3249 1428 3325; x_wconf 87' lang='lat' dir='ltr'>putat,</span> <span class='ocrx_word' id='word_1_290' title='bbox 1449 3243 1537 3304; x_wconf 91' lang='lat' dir='ltr'>nisus</span> 
     </span>
     <span class='ocr_line' id='line_1_30' title="bbox 138 3345 1536 3435; baseline -0.005 -19"><span class='ocrx_word' id='word_1_291' title='bbox 138 3348 243 3416; x_wconf 84' lang='lat' dir='ltr'>Servii</span> <span class='ocrx_word' id='word_1_292' title='bbox 259 3349 420 3435; x_wconf 84' lang='lat' dir='ltr'>plenioris,</span> <span class='ocrx_word' id='word_1_293' title='bbox 438 3352 491 3435; x_wconf 91' lang='lat' dir='ltr'>qui</span> <span class='ocrx_word' id='word_1_294' title='bbox 504 3351 632 3435; x_wconf 91' lang='lat' dir='ltr'>dicitur,</span> <span class='ocrx_word' id='word_1_295' title='bbox 649 3349 769 3413; x_wconf 92' lang='lat' dir='ltr'>scholio</span> <span class='ocrx_word' id='word_1_296' title='bbox 787 3349 829 3412; x_wconf 90' lang='lat' dir='ltr'>ad</span> <span class='ocrx_word' id='word_1_297' title='bbox 842 3349 925 3412; x_wconf 90' lang='lat' dir='ltr'>Aen.</span> <span class='ocrx_word' id='word_1_298' title='bbox 939 3348 999 3430; x_wconf 90' lang='lat' dir='ltr'>XI,</span> <span class='ocrx_word' id='word_1_299' title='bbox 1014 3346 1090 3411; x_wconf 79' lang='lat'>715:</span> <span class='ocrx_word' id='word_1_300' title='bbox 1108 3345 1267 3431; x_wconf 79' lang='lat' dir='ltr'>‘Nigidius</span> <span class='ocrx_word' id='word_1_301' title='bbox 1284 3346 1325 3410; x_wconf 90' lang='lat' dir='ltr'>de</span> <span class='ocrx_word' id='word_1_302' title='bbox 1336 3346 1444 3409; x_wconf 88' lang='lat' dir='ltr'>terris:</span> <span class='ocrx_word' id='word_1_303' title='bbox 1461 3367 1536 3410; x_wconf 92' lang='lat' dir='ltr'>nam</span> 
     </span>
     <span class='ocr_line' id='line_1_31' title="bbox 137 3449 1534 3542; baseline -0.004 -25"><span class='ocrx_word' id='word_1_304' title='bbox 137 3463 168 3517; x_wconf 94' lang='lat' dir='ltr'>et</span> <span class='ocrx_word' id='word_1_305' title='bbox 179 3454 328 3538; x_wconf 86' lang='lat' dir='ltr'>Ligures,</span> <span class='ocrx_word' id='word_1_306' title='bbox 341 3457 397 3541; x_wconf 91' lang='lat' dir='ltr'>qui</span> <span class='ocrx_word' id='word_1_307' title='bbox 410 3455 642 3542; x_wconf 89' lang='lat' dir='ltr'>Appenninum</span> <span class='ocrx_word' id='word_1_308' title='bbox 654 3465 836 3539; x_wconf 86' lang='lat' dir='ltr'>tenuerunt,</span> <span class='ocrx_word' id='word_1_309' title='bbox 850 3454 1000 3535; x_wconf 91' lang='lat' dir='ltr'>latrones,</span> <span class='ocrx_word' id='word_1_310' title='bbox 1013 3451 1166 3534; x_wconf 91' lang='lat' dir='ltr'>insidiosi,</span> <span class='ocrx_word' id='word_1_311' title='bbox 1183 3450 1326 3531; x_wconf 88' lang='lat' dir='ltr'>fallaces,</span> <span class='ocrx_word' id='word_1_312' title='bbox 1341 3449 1534 3514; x_wconf 88' lang='lat' dir='ltr'>mendaces&#39;</span> 
     </span>
     <span class='ocr_line' id='line_1_32' title="bbox 135 3554 1534 3645; baseline -0.002 -24"><span class='ocrx_word' id='word_1_313' title='bbox 135 3560 169 3621; x_wconf 95' lang='lat' dir='ltr'>in</span> <span class='ocrx_word' id='word_1_314' title='bbox 193 3557 309 3644; x_wconf 91' lang='lat' dir='ltr'>quibus</span> <span class='ocrx_word' id='word_1_315' title='bbox 334 3560 386 3624; x_wconf 80' lang='lat' dir='ltr'>‘de</span> <span class='ocrx_word' id='word_1_316' title='bbox 406 3561 508 3624; x_wconf 89' lang='lat' dir='ltr'>terris&#39;</span> <span class='ocrx_word' id='word_1_317' title='bbox 534 3562 663 3645; x_wconf 89' lang='lat' dir='ltr'>scripsit</span> <span class='ocrx_word' id='word_1_318' title='bbox 686 3560 794 3624; x_wconf 85' lang='lat' dir='ltr'>Thilo:</span> <span class='ocrx_word' id='word_1_319' title='bbox 824 3559 875 3623; x_wconf 84' lang='lat' dir='ltr'>‘de</span> <span class='ocrx_word' id='word_1_320' title='bbox 899 3560 1012 3623; x_wconf 86' lang='lat' dir='ltr'>terras&#39;</span> <span class='ocrx_word' id='word_1_321' title='bbox 1036 3557 1174 3643; x_wconf 88' lang='lat' dir='ltr'>praebet</span> <span class='ocrx_word' id='word_1_322' title='bbox 1196 3556 1267 3620; x_wconf 92' lang='lat' dir='ltr'>cod.</span> <span class='ocrx_word' id='word_1_323' title='bbox 1289 3554 1534 3641; x_wconf 82' lang='lat' dir='ltr'>F(loriacensis)</span> 
     </span>
     <span class='ocr_line' id='line_1_33' title="bbox 136 3658 1537 3751; baseline -0.004 -24"><span class='ocrx_word' id='word_1_324' title='bbox 136 3663 301 3727; x_wconf 87' lang='lat' dir='ltr'>Parisinus</span> <span class='ocrx_word' id='word_1_325' title='bbox 318 3663 485 3750; x_wconf 69' lang='grc'><strong>19291111</strong></span> <span class='ocrx_word' id='word_1_326' title='bbox 503 3665 583 3729; x_wconf 88' lang='lat' dir='ltr'>erra’</span> <span class='ocrx_word' id='word_1_327' title='bbox 601 3663 744 3751; x_wconf 81' lang='lat' dir='ltr'>Daniel),</span> <span class='ocrx_word' id='word_1_328' title='bbox 765 3666 797 3728; x_wconf 92' lang='lat' dir='ltr'>in</span> <span class='ocrx_word' id='word_1_329' title='bbox 819 3685 883 3748; x_wconf 89' lang='lat' dir='ltr'>qua</span> <span class='ocrx_word' id='word_1_330' title='bbox 903 3665 1064 3749; x_wconf 88' lang='lat' dir='ltr'>scriptura</span> <span class='ocrx_word' id='word_1_331' title='bbox 1083 3663 1179 3725; x_wconf 91' lang='lat' dir='ltr'>etiam</span> <span class='ocrx_word' id='word_1_332' title='bbox 1196 3660 1247 3723; x_wconf 89' lang='lat' dir='ltr'>‘de</span> <span class='ocrx_word' id='word_1_333' title='bbox 1269 3660 1429 3744; x_wconf 84' lang='lat' dir='ltr'>sphaera&#39;,</span> <span class='ocrx_word' id='word_1_334' title='bbox 1449 3658 1537 3744; x_wconf 91' lang='lat' dir='ltr'>quod</span> 
     </span>
     <span class='ocr_line' id='line_1_34' title="bbox 135 3762 1537 3861; baseline -0.003 -31"><span class='ocrx_word' id='word_1_335' title='bbox 135 3767 312 3832; x_wconf 88' lang='lat' dir='ltr'>Masvicius</span> <span class='ocrx_word' id='word_1_336' title='bbox 336 3770 488 3852; x_wconf 90' lang='lat' dir='ltr'>coniecit,</span> <span class='ocrx_word' id='word_1_337' title='bbox 512 3769 580 3853; x_wconf 89' lang='lat' dir='ltr'>alii,</span> <span class='ocrx_word' id='word_1_338' title='bbox 601 3772 685 3834; x_wconf 87' lang='lat' dir='ltr'>inter</span> <span class='ocrx_word' id='word_1_339' title='bbox 704 3789 783 3861; x_wconf 92' lang='lat' dir='ltr'>quos</span> <span class='ocrx_word' id='word_1_340' title='bbox 802 3769 955 3833; x_wconf 84' lang='lat' dir='ltr'>Hertzius</span> <span class='ocrx_word' id='word_1_341' title='bbox 975 3768 995 3833; x_wconf 94' lang='grc'>1.</span> <span class='ocrx_word' id='word_1_342' title='bbox 1013 3789 1041 3831; x_wconf 92' lang='lat' dir='ltr'>c.</span> <span class='ocrx_word' id='word_1_343' title='bbox 1058 3788 1090 3851; x_wconf 91' lang='lat' dir='ltr'>p.</span> <span class='ocrx_word' id='word_1_344' title='bbox 1107 3766 1160 3847; x_wconf 85' lang='lat'>40,</span> <span class='ocrx_word' id='word_1_345' title='bbox 1181 3763 1415 3851; x_wconf 90' lang='lat' dir='ltr'>probaverunt,</span> <span class='ocrx_word' id='word_1_346' title='bbox 1435 3762 1537 3828; x_wconf 91' lang='lat' dir='ltr'>latere</span> 
     </span>
    </p>
   </div>
   <div class='ocr_carea' id='block_1_3' title="bbox 135 4011 1542 4693">
    <p class='ocr_par' dir='ltr' id='par_1_5' title="bbox 136 4011 1538 4168">
     <span class='ocr_line' id='line_1_35' title="bbox 241 4011 1538 4080; baseline -0.005 -16"><span class='ocrx_word' id='word_1_347' title='bbox 241 4015 259 4080; x_wconf 88' lang='lat'>1)</span> <span class='ocrx_word' id='word_1_348' title='bbox 272 4015 347 4079; x_wconf 90' lang='lat' dir='ltr'>Inde,</span> <span class='ocrx_word' id='word_1_349' title='bbox 365 4016 436 4080; x_wconf 90' lang='lat' dir='ltr'>quod</span> <span class='ocrx_word' id='word_1_350' title='bbox 448 4015 584 4065; x_wconf 86' lang='lat' dir='ltr'>Romanus</span> <span class='ocrx_word' id='word_1_351' title='bbox 601 4016 713 4080; x_wconf 89' lang='lat' dir='ltr'>scriptor</span> <span class='ocrx_word' id='word_1_352' title='bbox 729 4016 830 4080; x_wconf 88' lang='lat' dir='ltr'>primus</span> <span class='ocrx_word' id='word_1_353' title='bbox 845 4029 877 4065; x_wconf 85' lang='lat' dir='ltr'>es</span> <span class='ocrx_word' id='word_1_354' title='bbox 889 4012 1001 4080; x_wconf 86' lang='lat' dir='ltr'>singulis</span> <span class='ocrx_word' id='word_1_355' title='bbox 1014 4012 1121 4062; x_wconf 88' lang='lat' dir='ltr'>circulis</span> <span class='ocrx_word' id='word_1_356' title='bbox 1134 4011 1235 4072; x_wconf 87' lang='lat' dir='ltr'>tribuit,</span> <span class='ocrx_word' id='word_1_357' title='bbox 1253 4012 1334 4060; x_wconf 86' lang='lat' dir='ltr'>etiam</span> <span class='ocrx_word' id='word_1_358' title='bbox 1352 4025 1472 4060; x_wconf 89' lang='lat' dir='ltr'>errorum</span> <span class='ocrx_word' id='word_1_359' title='bbox 1486 4011 1538 4059; x_wconf 90' lang='lat' dir='ltr'>fre·</span> 
     </span>
     <span class='ocr_line' id='line_1_36' title="bbox 136 4103 414 4168; baseline 0.004 -17"><span class='ocrx_word' id='word_1_360' title='bbox 136 4105 247 4167; x_wconf 89' lang='lat' dir='ltr'>quentia</span> <span class='ocrx_word' id='word_1_361' title='bbox 259 4103 414 4168; x_wconf 81' lang='lat' dir='ltr'>explicatur.</span> 
     </span>
    </p>

    <p class='ocr_par' dir='ltr' id='par_1_6' title="bbox 135 4183 1542 4606">
     <span class='ocr_line' id='line_1_37' title="bbox 240 4183 1540 4254; baseline -0.007 -14"><span class='ocrx_word' id='word_1_362' title='bbox 240 4187 261 4254; x_wconf 81' lang='lat'>²)</span> <span class='ocrx_word' id='word_1_363' title='bbox 275 4189 444 4240; x_wconf 70' lang='lat' dir='ltr'>conferenda</span> <span class='ocrx_word' id='word_1_364' title='bbox 454 4191 534 4240; x_wconf 90' lang='lat' dir='ltr'>etiam</span> <span class='ocrx_word' id='word_1_365' title='bbox 545 4194 607 4240; x_wconf 90' lang='lat' dir='ltr'>sunt</span> <span class='ocrx_word' id='word_1_366' title='bbox 616 4189 735 4240; x_wconf 88' lang='lat' dir='ltr'>eiusdem</span> <span class='ocrx_word' id='word_1_367' title='bbox 745 4189 872 4239; x_wconf 88' lang='lat' dir='ltr'>sectionis</span> <span class='ocrx_word' id='word_1_368' title='bbox 883 4188 976 4237; x_wconf 84' lang='lat' dir='ltr'>verba:</span> <span class='ocrx_word' id='word_1_369' title='bbox 991 4186 1170 4252; x_wconf 87' lang='lat' dir='ltr'>‘longissimus</span> <span class='ocrx_word' id='word_1_370' title='bbox 1181 4185 1237 4234; x_wconf 90' lang='lat' dir='ltr'>dies</span> <span class='ocrx_word' id='word_1_371' title='bbox 1246 4190 1287 4234; x_wconf 89' lang='lat' dir='ltr'>est</span> <span class='ocrx_word' id='word_1_372' title='bbox 1296 4183 1540 4248; x_wconf 87' lang='lat' dir='ltr'>aequinoctialium</span> 
     </span>
     <span class='ocr_line' id='line_1_38' title="bbox 135 4266 1542 4342; baseline -0.006 -16"><span class='ocrx_word' id='word_1_373' title='bbox 135 4277 260 4328; x_wconf 88' lang='lat' dir='ltr'>horarum</span> <span class='ocrx_word' id='word_1_374' title='bbox 272 4277 352 4326; x_wconf 92' lang='lat' dir='ltr'>XIIII</span> <span class='ocrx_word' id='word_1_375' title='bbox 364 4283 445 4342; x_wconf 90' lang='lat' dir='ltr'>atque</span> <span class='ocrx_word' id='word_1_376' title='bbox 459 4277 585 4326; x_wconf 89' lang='lat' dir='ltr'>dimidiae</span> <span class='ocrx_word' id='word_1_377' title='bbox 598 4292 659 4326; x_wconf 90' lang='lat' dir='ltr'>cum</span> <span class='ocrx_word' id='word_1_378' title='bbox 672 4277 807 4326; x_wconf 88' lang='lat' dir='ltr'>tricesima</span> <span class='ocrx_word' id='word_1_379' title='bbox 819 4278 901 4325; x_wconf 91' lang='lat' dir='ltr'>unius</span> <span class='ocrx_word' id='word_1_380' title='bbox 912 4274 1002 4324; x_wconf 87' lang='lat' dir='ltr'>horae’</span> <span class='ocrx_word' id='word_1_381' title='bbox 1020 4289 1080 4323; x_wconf 93' lang='lat' dir='ltr'>cum</span> <span class='ocrx_word' id='word_1_382' title='bbox 1097 4273 1140 4322; x_wconf 89' lang='lat' dir='ltr'>his</span> <span class='ocrx_word' id='word_1_383' title='bbox 1152 4271 1290 4322; x_wconf 84' lang='lat' dir='ltr'>Strabonis</span> <span class='ocrx_word' id='word_1_384' title='bbox 1302 4271 1338 4333; x_wconf 85' lang='lat'>11,</span> <span class='ocrx_word' id='word_1_385' title='bbox 1357 4272 1419 4319; x_wconf 83' lang='lat'>134:</span> <span class='ocrx_word' id='word_1_386' title='bbox 1437 4266 1542 4318; x_wconf 81' lang='grc' dir='ltr'>ἐνταῦθα</span> 
     </span>
     <span class='ocr_line' id='line_1_39' title="bbox 135 4356 1540 4432; baseline -0.006 -19"><span class='ocrx_word' id='word_1_387' title='bbox 135 4363 149 4428; x_wconf 82' lang='grc' dir='ltr'>ἡ</span> <span class='ocrx_word' id='word_1_388' title='bbox 168 4363 269 4432; x_wconf 75' lang='grc' dir='ltr'>μεγίστη</span> <span class='ocrx_word' id='word_1_389' title='bbox 286 4361 365 4431; x_wconf 78' lang='grc' dir='ltr'>ἡμέρα</span> <span class='ocrx_word' id='word_1_390' title='bbox 386 4361 450 4413; x_wconf 85' lang='grc' dir='ltr'>ἐστὶν</span> <span class='ocrx_word' id='word_1_391' title='bbox 473 4361 545 4430; x_wconf 83' lang='grc' dir='ltr'>ὡρῶν</span> <span class='ocrx_word' id='word_1_392' title='bbox 563 4360 711 4430; x_wconf 79' lang='grc' dir='ltr'>ἰσημερινῶν</span> <span class='ocrx_word' id='word_1_393' title='bbox 729 4359 788 4410; x_wconf 79' lang='grc' dir='ltr'>δέκα</span> <span class='ocrx_word' id='word_1_394' title='bbox 803 4358 925 4428; x_wconf 80' lang='grc' dir='ltr'>τεττάρων</span> <span class='ocrx_word' id='word_1_395' title='bbox 947 4357 988 4408; x_wconf 83' lang='grc' dir='ltr'>καὶ</span> <span class='ocrx_word' id='word_1_396' title='bbox 1007 4357 1112 4427; x_wconf 71' lang='grc' dir='ltr'>ἡμίσους</span> <span class='ocrx_word' id='word_1_397' title='bbox 1134 4359 1180 4424; x_wconf 83' lang='lat' dir='ltr'>(cf.</span> <span class='ocrx_word' id='word_1_398' title='bbox 1198 4360 1345 4424; x_wconf 89' lang='lat' dir='ltr'>Bergerum</span> <span class='ocrx_word' id='word_1_399' title='bbox 1367 4356 1427 4406; x_wconf 89' lang='lat' dir='ltr'>‘Die</span> <span class='ocrx_word' id='word_1_400' title='bbox 1444 4371 1540 4422; x_wconf 89' lang='lat' dir='ltr'>geogr.</span> 
     </span>
     <span class='ocr_line' id='line_1_40' title="bbox 135 4443 1542 4518; baseline -0.007 -16"><span class='ocrx_word' id='word_1_401' title='bbox 135 4453 241 4518; x_wconf 85' lang='lat' dir='ltr'>Fragm.</span> <span class='ocrx_word' id='word_1_402' title='bbox 252 4452 298 4502; x_wconf 89' lang='lat' dir='ltr'>des</span> <span class='ocrx_word' id='word_1_403' title='bbox 307 4451 452 4518; x_wconf 88' lang='lat' dir='ltr'>Hipparch&#39;</span> <span class='ocrx_word' id='word_1_404' title='bbox 461 4449 722 4515; x_wconf 81' lang='lat' dir='ltr'>MDOOOLXVIIII,</span> <span class='ocrx_word' id='word_1_405' title='bbox 732 4466 756 4514; x_wconf 88' lang='lat' dir='ltr'>p.</span> <span class='ocrx_word' id='word_1_406' title='bbox 763 4449 818 4513; x_wconf 83' lang='lat'>53).</span> <span class='ocrx_word' id='word_1_407' title='bbox 831 4449 943 4498; x_wconf 88' lang='lat' dir='ltr'>fortasse</span> <span class='ocrx_word' id='word_1_408' title='bbox 954 4449 1034 4498; x_wconf 91' lang='lat' dir='ltr'>etiam</span> <span class='ocrx_word' id='word_1_409' title='bbox 1043 4446 1069 4497; x_wconf 90' lang='lat' dir='ltr'>h.</span> <span class='ocrx_word' id='word_1_410' title='bbox 1080 4447 1098 4496; x_wconf 94' lang='lat' dir='ltr'>l.</span> <span class='ocrx_word' id='word_1_411' title='bbox 1108 4446 1241 4512; x_wconf 86' lang='lat' dir='ltr'>Nigidius,</span> <span class='ocrx_word' id='word_1_412' title='bbox 1255 4458 1324 4510; x_wconf 88' lang='lat' dir='ltr'>quae</span> <span class='ocrx_word' id='word_1_413' title='bbox 1334 4443 1432 4494; x_wconf 84' lang='lat' dir='ltr'>Graeci</span> <span class='ocrx_word' id='word_1_414' title='bbox 1441 4443 1542 4505; x_wconf 87' lang='lat' dir='ltr'>fontes,</span> 
     </span>
     <span class='ocr_line' id='line_1_41' title="bbox 139 4537 837 4606; baseline -0.006 -17"><span class='ocrx_word' id='word_1_415' title='bbox 139 4541 235 4606; x_wconf 88' lang='lat' dir='ltr'>quibus</span> <span class='ocrx_word' id='word_1_416' title='bbox 248 4555 312 4588; x_wconf 92' lang='lat' dir='ltr'>usus</span> <span class='ocrx_word' id='word_1_417' title='bbox 325 4545 373 4601; x_wconf 92' lang='lat' dir='ltr'>est,</span> <span class='ocrx_word' id='word_1_418' title='bbox 387 4537 560 4600; x_wconf 82' lang='lat' dir='ltr'>exhibebant,</span> <span class='ocrx_word' id='word_1_419' title='bbox 573 4537 605 4587; x_wconf 91' lang='lat' dir='ltr'>de</span> <span class='ocrx_word' id='word_1_420' title='bbox 618 4552 666 4586; x_wconf 91' lang='lat' dir='ltr'>suo</span> <span class='ocrx_word' id='word_1_421' title='bbox 679 4541 837 4586; x_wconf 87' lang='lat' dir='ltr'>correxerat.</span> 
     </span>
    </p>

    <p class='ocr_par' dir='ltr' id='par_1_7' title="bbox 239 4624 801 4693">
     <span class='ocr_line' id='line_1_42' title="bbox 239 4624 801 4693; baseline -0.005 -17"><span class='ocrx_word' id='word_1_422' title='bbox 239 4626 262 4693; x_wconf 78' lang='lat'>³)</span> <span class='ocrx_word' id='word_1_423' title='bbox 275 4625 529 4691; x_wconf 61' lang='lat' dir='ltr'>comparandus</span> <span class='ocrx_word' id='word_1_424' title='bbox 541 4625 622 4691; x_wconf 80' lang='lat' dir='ltr'>prael.</span> <span class='ocrx_word' id='word_1_425' title='bbox 634 4642 659 4690; x_wconf 94' lang='lat' dir='ltr'>p.</span> <span class='ocrx_word' id='word_1_426' title='bbox 670 4624 733 4674; x_wconf 94' lang='lat' dir='ltr'>LVI</span> <span class='ocrx_word' id='word_1_427' title='bbox 745 4640 801 4690; x_wconf 87' lang='lat' dir='ltr'>sqq.</span> 
     </span>
    </p>
   </div>
   <div class='ocr_carea' id='block_1_4' title="bbox 0 0 1618 5092">
    <p class='ocr_par' dir='ltr' id='par_1_8' title="bbox 0 0 1618 5092">
     <span class='ocr_line' id='line_1_43' title="bbox 0 0 1618 5092; baseline 0 0"><span class='ocrx_word' id='word_1_428' title='bbox 0 0 1618 5092; x_wconf 95' lang='lat' dir='ltr'> </span> 
     </span>
    </p>
   </div>
  </div>
 </body>
</html>
