3225 5092
122 243 184 306 140

121 432 332 516 melioresque
348 433 521 518 scriptores
533 433 825 518 praepositionibus
839 443 980 498 utuntur.
1007 455 1112 518 neque
1124 435 1229 498 minus
1241 443 1419 519 poetarum,
1437 433 1515 499 Ver-

119 536 187 621 gilii
206 537 342 619 Horatii,
367 538 534 622 proprium
562 545 611 600 est
633 536 792 602 desilire
816 560 890 603 cum
913 538 978 603 0010
1003 538 1146 604 ablativo
1169 547 1400 620 constructum,
1426 536 1515 623 quod

120 640 262 705 Iustinus
286 642 319 704 in
342 662 472 726 prosam
494 643 670 736 orationem
694 641 824 706 induxit
849 643 876 725 1,
899 643 949 725 10,
970 643 1004 708 9:
1028 642 1304 708 ί111...0001001101
1324 643 1413 728 equis
1435 639 1516 705 desi-

121 745 246 810 lierint'.
280 744 337 809 sed
358 744 484 810 duobus
505 745 575 810 01110
595 745 675 810 10010
699 745 748 828 12,
763 746 813 827 11,
831 745 850 810 8
868 750 896 810 ‘e
918 745 1078 811 tribunali'
1097 758 1128 811 et
1143 747 1280 812 fortasse
1299 746 1348 832 15,
1360 747 1390 829 3,
1406 747 1446 810 13
1462 746 1516 809 ‘ex

122 850 213 934 equo’
227 849 304 933 (‘ex’
318 871 378 914 om.
391 848 462 934 ΤΠ)
476 849 747 935 praepositionem
760 851 822 912 ‘ex'
835 849 993 915 adhibuit.
1021 850 1185 916 educere
1201 873 1266 916 non
1278 850 1410 937 quidem
1426 849 1517 935 apud

120 954 290 1040 Iustinum,
314 953 372 1018 sed
388 955 421 1017 in
437 954 537 1037 Trogi
552 954 687 1039 Pompei
707 953 890 1038 fragmento
911 955 953 1019 ab
969 954 1093 1019 Iustino
1113 964 1241 1020 servato
1258 977 1333 1019 oum
1348 955 1414 1020 solo
1430 953 1517 1018 abla-

121 1060 188 1123 tivo
211 1058 344 1142 legitur:
368 1056 419 1141 38,
436 1056 467 1142 5,
484 1057 504 1121 6
523 1061 596 1144 ‘non
619 1057 829 1144 Cappadocia
852 1058 953 1123 filium
977 1059 1150 1126 eductum'.
1189 1057 1517 1140 011011012,13,9

122 1162 303 1244 ‘convivio',
330 1162 382 1244 24,
401 1162 430 1243 7,
448 1162 468 1226 6
489 1161 604 1225 ‘villis'.
636 1161 750 1226 Cicero
769 1162 983 1247 melioresque
1010 1166 1183 1249 scriptores
1203 1163 1263 1228 hoe
1284 1162 1420 1227 verbum
1443 1184 1519 1225 cum

121 1288 232 1353 praep.
248 1267 310 1331 ‘ex'
328 1276 513 1331 construere
534 1266 645 1331 solent.
682 1267 818 1351 egredi
839 1269 871 1330 in
892 1266 1053 1332 locutione
1069 1266 1128 1354 ‘(e)
1143 1270 1220 1332 navi
1236 1267 1356 1351 egredi'
1373 1266 1519 1330 Iustinus

121 1375 236 1435 utiam
252 1371 373 1436 000001
393 1380 425 1434 01
441 1371 555 1434 Livius
572 1369 666 1435 modo
684 1393 758 1435 cum
774 1371 841 1435 solo
857 1370 999 1435 ablativo
1016 1372 1062 1458 (2,
1075 1371 1105 1454 8,
1119 1373 1152 1453 3,
1173 1371 1225 1455 39,
1240 1373 1268 1454 1,
1281 1370 1315 1458 8)
1331 1369 1427 1435 01000
1443 1392 1519 1433 cum

120 1477 358 1561 praepositione
375 1475 436 1538 ‘ex'
454 1477 619 1560 coniungit
635 1475 701 1560 (19,
714 1475 745 1557 2,
761 1475 826 1562 10),
855 1476 896 1540 00
911 1477 1004 1541 verbi
1020 1479 1171 1562 eripere
1188 1477 1354 1540 structuris
1371 1476 1519 1540 conferas
1606 1474 1607 1477 ’

122 1603 205 1666 quae
225 1603 256 1666 p.
277 1579 336 1642 117
359 1582 504 1664 exposui.
533 1580 724 1644 excedere
746 1580 851 1646 0051.
865 1580 938 1663 9,8,
953 1580 1007 1662 16,
1031 1580 1123 1665 11,5,
1137 1581 1170 1661 6,
1187 1581 1239 1665 24,
1253 1581 1283 1662 8,
1298 1580 1351 1663 12,
1373 1580 1468 1662 34,3,
1483 1579 1518 1659 1,

121 1684 309 1750 0010010110
325 1693 357 1748 01
368 1683 508 1750 Caesare
524 1686 627 1768 magis
643 1685 868 1771 frequentatur
883 1687 1079 1772 praepositio
1096 1685 1171 1749 ί010.
1200 1685 1384 1749 excidere
1404 1707 1432 1747 0.
1451 1681 1519 1747 abl.

123 1789 175 1874 25,
188 1790 219 1875 4,
234 1792 253 1853 3
270 1789 418 1853 ‘devietis
434 1789 668 1875 adquisitisque
690 1790 838 1855 celeriter
858 1789 1084 1876 excidebat'.¹)
1116 1790 1200 1854 solus
1220 1788 1381 1854 ablativus
1400 1786 1522 1871 legitur

122 1897 186 1959 iam
223 1896 310 1979 apud
338 1894 534 1976 Terentium,
578 1902 647 1958 tum
689 1895 776 1980 apud
804 1893 951 1959 Curtium
987 1893 1145 1958 Senecam
1180 1892 1366 1958 Suetonium
1400 1891 1440 1955 01.
1477 1890 1521 1954 00

122 1998 222 2063 verbo
246 2000 418 2062 eximere
442 1998 516 2062 vide
540 2021 571 2083 p.
592 1999 662 2062 117.
695 1998 893 2085 expellere
917 2021 944 2063 c.
962 1997 1024 2063 abl.
1044 1998 1074 2080 3,
1086 1998 1117 2079 4,
1138 1997 1190 2079 12,
1207 1997 1259 2079 20,
1275 1997 1306 2080 5,
1323 1995 1357 2078 8,
1373 1995 1426 2074 21,
1439 1993 1520 2078 6,5,
1607 2030 1608 2039 ¹

122 2102 174 2188 23,
189 2103 217 2185 1,
230 2102 264 2183 4,
281 2102 332 2185 38,
348 2102 375 2184 1,
388 2103 422 2183 3,
439 2101 490 2186 38,
506 2103 533 2183 1,
547 2102 583 2184 5,
601 2101 653 2184 38,
667 2102 697 2184 2,
710 2103 744 2185 2,
763 2102 905 2187 39,4,2,
922 2103 973 2189 39,
986 2103 1017 2185 4,
1031 2103 1065 2182 6,
1082 2103 1134 2186 44,
1147 2101 1179 2183 5,
1193 2102 1221 2165 7.
1252 2099 1521 2165 intercludere

123 2207 286 2292 duplicem
302 2207 441 2271 admittit
458 2215 668 2270 structuram:
691 2206 840 2290 ‘aliquem
856 2206 964 2292 aliqua
979 2208 1024 2270 re'
1040 2208 1071 2289 4,
1085 2207 1114 2285 4,
1128 2206 1149 2271 5
1162 2215 1194 2269 01
1209 2206 1316 2270 ‘alicui
1337 2204 1468 2291 aliquid'
1487 2204 1521 2288 2,

124 2311 154 2389 5,
170 2312 223 2393 10,
241 2311 270 2394 2,
286 2312 335 2391 13,
348 2309 383 2390 5,
403 2310 452 2390 11,
471 2310 521 2391 14,
534 2310 564 2373 4.
596 2310 833 2375 interdicere
849 2311 992 2375 Iustinus
1008 2333 1083 2375 cum
1098 2310 1240 2375 ablativo
1260 2331 1323 2373 non
1341 2309 1521 2389 coniunxit,

124 2416 181 2480 000
198 2415 365 2480 0001001111
380 2415 476 2498 Trog.
489 2415 603 2500 Pomp.
617 2438 662 2480 01.
677 2415 787 2479 Μ1151.
801 2416 852 2499 38,
865 2417 896 2501 0,
909 2416 930 2479 4
947 2418 1050 2502 ‘eique
1067 2415 1273 2480 interdictum
1288 2412 1431 2500 Italia’.²)
1468 2413 1522 2476 ille

123 2542 200 2584 vero
221 2520 398 2584 accusativi
419 2527 610 2602 structurae,
632 2542 715 2605 quae
735 2520 823 2607 apud
839 2519 994 2585 Ovidium
1011 2521 1199 2586 Suetonium
1216 2519 1375 2584 Senecam
1396 2518 1521 2585 usitata

124 2633 182 2706 est,
206 2633 356 2710 quattuor
379 2623 515 2709 praebet
538 2621 757 2711 exemplaz'i),
774 2627 804 2706 4,
825 2626 879 2707 15,
903 2626 952 2708 10,
964 2626 995 2708 4,
1008 2625 1042 2701 5,
1059 2626 1111 2709 41,
1125 2626 1154 2710 3,
1168 2625 1203 2708 2,
1219 2625 1271 2707 44,
1284 2625 1315 2704 4,
1331 2624 1379 2688 13.
1416 2645 1523 2709 prae-

78 2749 81 2757 ·
124 2725 758 2816 010110100.051.27,3,12,32,1,’5.
789 2729 871 2795 5000
897 2734 1092 2795 constructio
1111 2731 1230 2815 legitur
1249 2731 1314 2793 iam
1333 2726 1420 2815 apud
1441 2726 1523 2791 an-
1608 2728 1609 2795 J

125 2856 229 2898 sarem
244 2833 319 2897 bell.
338 2833 421 2898 Gall.
437 2833 466 2916 7,
482 2833 534 2917 50,
552 2835 571 2898 3
589 2838 690 2899 ‘muro
707 2835 1028 2921 praecipitabantur’,
1044 2834 1119 2899 bell.
1134 2837 1195 2898 civ.
1210 2834 1239 2911 2,
1255 2834 1336 2919 11,1
1355 2834 1524 2918 ‘praecipi-

123 2947 254 3023 tataque
270 2938 371 3002 muro’
389 2947 421 3002 et
436 2939 568 3003 Livium
587 2939 617 3024 9,
636 2939 687 3021 22,
707 2940 723 3002 7
748 2940 842 3025 ‘equo
857 2940 1107 3026 praecipitaret,
1137 2939 1178 3003 cf.
1196 2938 1376 3004 Kuehnast.
1393 2960 1425 3023 p.
1445 2936 1522 3019 170,

125 3043 199 3107 adn.
213 3043 283 3126 112,
299 3052 367 3114 tum
376 3044 464 3129 apud
477 3053 597 3129 poetas,
612 3043 792 3128 Vergilium
805 3044 970 3128 Ovidium,
983 3054 1016 3107 et
1027 3047 1198 3130 scriptores
1209 3045 1324 3106 aetatis
1333 3051 1522 3126 argenteae,

125 3145 239 3211 Cicero
259 3159 368 3213 autem
388 3150 625 3234 praepositione
646 3147 708 3211 ‘ex'
725 3150 835 3213 utitur.
867 3160 940 3234 post
960 3149 1098 3213 verbum
1119 3148 1317 3233 proficisci
1338 3145 1444 3210 nudus
1465 3146 1524 3210 ab·

123 3252 241 3317 lativus
256 3252 430 3339 praebetur
446 3253 576 3339 quidem
592 3253 644 3334 37,
657 3253 721 3335 3,4
738 3253 889 3339 (‘regno')
906 3252 1073 3318 codicibus
1089 3253 1171 3316 ΙΤΡ
1185 3261 1217 3315 01
1229 3252 1280 3334 20,
1296 3253 1323 3334 1,
1339 3250 1378 3314 15
1391 3250 1524 3336 (111000-

125 3356 307 3443 daemone’)
332 3357 497 3422 codicibus
516 3362 582 3436 ΤΠ,
607 3357 664 3421 000
689 3357 793 3422 codex
814 3356 840 3423 O
861 3360 911 3422 his
934 3358 1060 3424 duobus
1081 3358 1159 3422 locis
1180 3365 1213 3421 et
1233 3357 1349 3420 ceteris
1370 3353 1523 3420 omnibus

127 3460 176 3544 13,
198 3461 226 3539 7,
247 3461 281 3544 3,
310 3461 361 3548 31,
382 3460 411 3544 8,
435 3462 468 3543 1,
496 3461 548 3546 31,
573 3461 603 3544 8,
627 3461 661 3542 5,
689 3461 740 3540 34,
765 3462 794 3540 3,
820 3461 839 3524 8
862 3485 924 3528 000
948 3485 1057 3527 010000
1081 3484 1135 3527 010
1160 3460 1289 3525 0001000
1311 3461 1525 3545 praepositio-

125 3586 199 3630 nem
212 3565 272 3629 ‘ab’
286 3573 453 3630 testantur.
481 3565 689 3650 prohibere
705 3566 871 3652 duplicem
885 3566 986 3631 habet
1001 3576 1207 3649 structuram,
1224 3563 1403 3630 ablativum
1418 3563 1525 3627 solum

128 3669 155 3751 1,
169 3667 198 3753 8,
211 3668 245 3749 2,
262 3668 292 3752 2,
305 3669 335 3751 5,
349 3668 383 3752 3,
403 3669 451 3752 14,
465 3668 495 3752 5,
508 3669 542 3751 9,
560 3670 611 3754 44,
629 3672 658 3756 3,
672 3671 702 3754 3,
724 3670 863 3735 0000010
883 3672 1121 3758 praepositione
1142 3669 1204 3736 ‘ab'
1227 3669 1355 3734 adiecta
1375 3667 1405 3751 2,
1419 3668 1449 3750 3,
1466 3667 1524 3749 14,

126 3773 156 3857 6,
169 3772 199 3858 2,
214 3772 267 3854 13,
287 3773 336 3857 11,
349 3773 425 3859 ql,
445 3773 494 3855 12,
509 3775 538 3857 7,
553 3775 606 3857 12,
625 3774 676 3858 28,
689 3776 720 3859 4,
735 3775 784 3840 12.

227 3877 267 3942 10
286 3877 447 3964 prioribus
469 3878 585 3943 Iustini
608 3880 801 3945 editionibus
826 3881 1014 3965 praesertim
1037 3882 1070 3943 in
1095 3902 1143 3962 ea,
1168 3902 1266 3966 quam
1282 3878 1409 3962 Ieepius
1431 3874 1525 3940 ador-

124 3985 224 4065 n‘avit,
248 3982 401 4049 nonnulla
417 3983 480 4048 alia
496 3984 599 4048 verba
615 4006 689 4049 cum
706 3984 771 4048 solo
787 3983 931 4049 ablativo
949 3993 1134 4048 constructa
1152 3982 1242 4068 legis.
1275 3982 1333 4047 sed
1349 4004 1391 4044 ex
1407 3980 1526 4046 codici-

126 4085 197 4170 5110,
222 4108 301 4172 quos
317 4088 473 4153 Ruehlius
489 4088 647 4172 adhibuit,
668 4091 736 4152 sine
757 4088 822 4153 ulla
845 4089 1045 4153 dubitatione
1066 4088 1204 4173 adparet
1223 4088 1306 4152 5000
1327 4086 1429 4150 verba
1450 4108 1528 4152 cum

126 4192 416 4277 praepositionibus
433 4193 658 4278 coniungenda
675 4215 753 4257 esse.
778 4216 853 4259 nam
865 4194 1056 4279 plerumque
1069 4192 1144 4258 solis
1155 4195 1187 4256 in
1200 4191 1290 4256 libris
1301 4189 1527 4277 Transalpinis

128 4315 334 4326 ---.-...

231 4369 249 4434 1)
263 4368 307 4418 Sic
320 4385 367 4419 suo
384 4370 442 4418 iure
455 4369 587 4418 Ruehlius
603 4369 636 4418 ad
654 4368 752 4418 codicis
770 4368 791 4418 0
808 4371 996 4420 auctoritatem
1014 4369 1081 4419 haec
1099 4369 1183 4419 verba
1199 4369 1347 4418 constituit.
1372 4381 1435 4416 nam
1452 4366 1528 4432 quod

126 4453 211 4504 altero
228 4455 350 4506 codicum
366 4471 466 4522 genere
482 4457 596 4506 traditur
612 4455 723 4506 verbum
742 4456 866 4506 ‘carebat'
884 4458 941 4506 veri
958 4456 1046 4506 simile
1060 4462 1101 4506 est
1116 4471 1133 4506 a
1148 4456 1257 4506 librario
1273 4454 1388 4519 quodam
1407 4452 1451 4504 vel
1469 4468 1529 4503 cor-

126 4546 229 4592 rectore
240 4540 300 4592 1000
312 4542 387 4592 verbi
398 4543 580 4593 insolentioris
593 4542 772 4609 (‘exeidebat')
787 4544 960 4593 substitutum
973 4559 1039 4595 esse.

231 4627 252 4693 2)
265 4628 350 4679 Plane
363 4629 456 4679 eadem
469 4630 551 4680 verba
562 4630 676 4696 legimus
689 4629 760 4696 apud
773 4629 916 4680 ’1000110
930 4633 969 4693 14,
981 4633 1023 4680 41.
