3225 5092
1486 239 1547 302 217

152 425 308 488 minorem
322 426 477 508 notitiam,
495 448 593 511 quam
608 437 644 490 ut
658 428 773 511 paucis
785 426 896 491 verbis
912 436 1012 491 totam
1025 430 1245 513 quaestionem
1257 428 1413 514 expedire
1428 438 1547 515 posset.

152 550 228 591 nam
244 528 421 613 adparatus
437 531 578 613 criticus,
595 553 657 616 quo
674 554 751 595 usus
767 541 816 595 001
831 534 864 596 in
884 532 1050 596 codicibus
1070 534 1303 598 recentioribus
1320 532 1547 616 diiudicandis,

150 653 215 694 non
227 634 346 696 maiore
358 632 423 697 fide
436 633 553 718 dignus
566 643 634 698 erat
645 657 742 720 quam
756 657 803 718 ea,
821 657 904 721 quae
917 645 991 700 ante
1001 636 1212 702 Duebnerum
1225 637 1265 702 de
1274 639 1301 701 L
1310 640 1341 701 in
1355 638 1547 703 editionibus

150 736 472 802 circumferebantur.
505 760 588 823 quae
609 762 683 804 cum
698 742 743 803 ita
759 742 831 822 sint,
852 741 969 805 iniuria
985 740 1192 806 Dindorfium
1210 764 1347 827 negasse
1367 755 1444 831 puto
1461 748 1547 831 quic-

150 862 249 926 quam
267 863 422 926 nmquam
444 843 588 907 utilitatis
613 843 655 907 ad
669 842 837 929 Sophoclis
852 842 1035 929 tragoedias
1051 837 1271 911 emendandas
1284 871 1301 912 e
1314 851 1547 915 recentioribus

152 944 319 1009 codicibus
341 946 544 1012 conferendis
565 958 597 1038 et
616 949 854 1033 pertractandis
874 948 1131 1014 redundaturum
1147 972 1226 1014 esse.
1257 974 1362 1037 neque
1378 954 1462 1019 illius
1478 979 1546 1020 sen-

147 1051 258 1133 tentia,
279 1060 367 1136 111110,
384 1074 422 1117 00
440 1054 657 1138 confirmatur,
675 1055 762 1139 quod
783 1057 853 1139 ipse
877 1056 1061 1139 quingentis
1083 1066 1115 1118 et
1134 1058 1369 1142 quinquaginta
1384 1059 1452 1123 fere
1468 1059 1546 1125 10010

149 1152 205 1238 (01.
226 1177 299 1219 ann.
318 1156 396 1242 111111.
409 1157 574 1222 LXXXV
593 1158 668 1245 167)
685 1181 747 1223 non
764 1158 885 1222 codicis
903 1159 937 1237 L,
956 1160 1014 1224 sed
1034 1159 1190 1225 librorum
1210 1165 1427 1227 recentiorum
1448 1165 1546 1249 scrip-

148 1383 225 1426 1010
249 1363 292 1427 ad
315 1365 462 1430 codicem
484 1367 496 1429 1
518 1369 668 1453 pertinet,
692 1367 875 1431 mirandum
898 1377 955 1449 est,
980 1368 1065 1452 quod
1081 1367 1271 1433 Dindorfius
1292 1372 1326 1434 in
1346 1371 1545 1456 praefatione

102 1465 106 1471 ’
149 1466 321 1531 voluminis
341 1470 424 1534 VIII
440 1493 481 1535 ne
501 1470 588 1535 hunc
611 1471 743 1556 quidem
764 1471 885 1535 librum
909 1472 1066 1556 scriptum
1086 1471 1220 1555 dignum
1243 1496 1312 1539 esse
1332 1479 1468 1561 putavit,
1491 1478 1546 1562 qui

148 1570 336 1654 diligentius
348 1584 565 1658 excuteretur,
583 1598 657 1640 cum
678 1578 711 1640 in
726 1576 789 1640 vol.
807 1576 824 1637 I
840 1576 1040 1660 praefatione
1062 1598 1135 1640 eum
1156 1600 1198 1640 ex
1217 1580 1287 1664 ipso
1304 1579 1330 1641 L
1346 1579 1545 1666 descriptum

148 1698 217 1739 esse
230 1676 350 1742 dixerit
366 1683 415 1743 ‘ea
426 1689 541 1762 aetate,
559 1703 623 1766 qua
635 1681 754 1746 multae
769 1679 845 1745 libri
857 1683 976 1744 vetusti
991 1680 1117 1745 litterae
1130 1680 1256 1745 facilius
1272 1692 1305 1746 et
1317 1685 1436 1747 certius
1448 1706 1545 1769 quam

146 1780 242 1844 bodie
265 1781 330 1867 legi
352 1786 520 1870 poterent'.
552 1808 638 1868 110111,
658 1788 685 1849 01
704 1786 765 1850 hoc
785 1809 899 1850 verum
922 1807 992 1849 esse
1008 1787 1144 1871 putavit,
1167 1807 1286 1870 operae
1302 1797 1389 1851 certe
1404 1792 1544 1873 pretium

147 1884 251 1950 videri
267 1890 296 1950 01
312 1888 454 1954 debebat
470 1890 616 1955 codicem
632 1890 643 1952 1
659 1890 764 1954 denuo
780 1901 877 1975 atque
894 1889 1005 1955 sedulo
1021 1890 1169 1954 conferri.

251 1991 437 2058 Editionem
471 1995 560 2060 illam
586 1995 835 2059 Dindorfianam
861 1997 1023 2059 recensuit
1051 1995 1091 2059 A.
1114 1994 1283 2059 Nauckius
1310 1998 1343 2059 in
1369 1998 1544 2084 0011111111.

146 2093 311 2159 LXXXV
324 2097 387 2161 153
399 2121 469 2185 sqq.
493 2102 548 2185 qui
564 2123 638 2164 cum
653 2102 685 2163 in
702 2102 889 2164 universum
905 2098 1067 2164 Dindorfii
1080 2100 1120 2163 de
1134 2099 1299 2164 codicibus
1310 2102 1544 2166 recentioribus

143 2197 300 2265 iudicium
322 2202 545 2288 improbasset,
568 2204 609 2269 de
633 2203 746 2268 codice
769 2204 781 2265 1
800 2214 910 2268 tamen
930 2226 968 2267 ea
980 2212 1111 2280 ¹tantum
1130 2203 1262 2288 rettulit,
1283 2227 1367 2289 quae
1383 2203 1436 2269 ille
1452 2206 1544 2271 11011

144 2325 176 2388 p.
193 2304 259 2369 VH
279 2304 371 2371 dixit.
402 2318 471 2373 tum
490 2309 516 2374 I.
534 2307 688 2394 Kvibala,
713 2331 786 2373 cum
809 2311 842 2372 in
865 2308 939 2393 eph.
957 2329 1067 2395 gymn.
1085 2317 1184 2372 austr.
1202 2330 1230 2372 a.
1256 2307 1338 2372 1866
1358 2331 1390 2394 p.
1407 2309 1449 2373 21
1472 2331 1542 2396 sqq.

142 2406 563 2497 A.Seyfferti‘qnaestiones
574 2414 702 2477 criticas
712 2414 752 2477 de
763 2410 1105 2497 codicibusSopboclis
1114 2423 1202 2477 recte
1211 2414 1543 2480 aestimandis’recen-

143 2522 238 2598 seret,
262 2537 344 2600 quae
365 2516 459 2580 Halis
475 2516 642 2582 Saxonum
665 2540 693 2581 a.
715 2517 797 2581 1863
821 2517 1019 2602 prodierunt,
1044 2517 1084 2580 de
1110 2515 1442 2584 001110010000010110
1467 2520 1543 2585 data

142 2615 256 2684 eodem
277 2621 370 2685 modo
392 2643 454 2706 quo
471 2622 660 2687 Dindorfius
680 2622 846 2686 iudicavit.
877 2618 1061 2707 1101111129
1082 2621 1215 2686 dubium
1238 2645 1310 2686 esse
1332 2633 1439 2707 negat,
1465 2627 1543 2710 quin

142 2723 248 2787 codex
263 2722 275 2785 l
290 2746 333 2789 ex
348 2727 418 2812 ipso
434 2727 585 2791 0011100Ιᾷ
599 2727 782 2813 descriptus
798 2729 847 2810 sit,
866 2736 898 2792 01
909 2725 952 2791 ad
964 2727 1048 2790 banc
1061 2729 1253 2791 sententiam
1266 2727 1542 2813 comprobandam

141 2828 242 2891 utitur
254 2829 404 2916 exemplo
416 2829 487 2895 loco
499 2830 693 2915 Antigonae,
707 2830 748 2894 de
761 2853 824 2916 quo
837 2829 921 2894 infra
932 2831 1044 2916 paucis
1056 2830 1261 2895 disseremus.
1285 2841 1358 2917 post
1369 2832 1542 2898 Kvidalam

142 2952 236 2996 nemo
260 2934 347 3018 quod
371 2936 471 2999 sciam
495 2936 535 3000 de
557 2935 568 2997 1
587 2935 690 2999 verba
709 2936 796 3017 fecit,
817 2936 1005 3020 priusquam
1022 2933 1153 2999 Electra
1167 2935 1285 3000 Jahnio
1303 2946 1436 3001 curante
1453 2938 1541 3002 scho-

140 3032 246 3101 larum
269 3039 301 3101 in
330 3038 1057 3105 110111110111111Βο1111000.18120110101111.
1089 3048 1200 3103 notum
1224 3049 1274 3103 est
1297 3039 1475 3106 Hinckium
1498 3042 1540 3107 ab

140 3138 259 3205 Jahnio
274 3152 423 3228 rogatum
439 3144 650 3209 Electram—in
665 3143 747 3208 libro
765 3144 776 3206 1
792 3142 964 3208 contulisse
984 3153 1016 3206 et
1032 3144 1339 3228 disputatiunculam
1357 3144 1397 3208 de
1414 3167 1451 3209 00
1468 3168 1540 3209 0011-

141 3246 320 3330 scripsisse,
337 3270 435 3334 quam
450 3249 588 3314 Jahnins
603 3249 795 3335 praefationi
813 3248 959 3312 subiecit.
988 3250 1015 3312 is
1030 3257 1140 3312 autem
1152 3247 1298 3313 codicem
1314 3248 1326 3310 1
1340 3272 1405 3313 11011
1417 3272 1459 3313 ex
1470 3252 1540 3336 ipso

140 3349 360 3417 Laurentiano
377 3354 489 3419 codice
504 3356 736 3440 antiquissimo,
754 3354 811 3417 sed
829 3376 871 3417 ex
886 3353 967 3418 libro
983 3354 1092 3418 nescio
1113 3375 1176 3439 quo
1192 3353 1238 3439 (1)
1256 3354 1454 3438 descriptum
1471 3376 1539 3418 esse

141 3456 261 3537 statuit,
279 3454 365 3521 bunc
380 3469 489 3523 autem
505 3460 624 3525 librum
642 3482 684 3523 ex
700 3459 922 3523 Laurentiano
938 3459 1154 3522 vetustissimo
1171 3459 1327 3542 originem
1346 3460 1485 3523 traxisse
1502 3481 1540 3522 eo

140 3565 296 3644 tempore,
314 3584 377 3647 quo
393 3564 446 3627 1110
463 3575 664 3630 correcturas
681 3575 737 3628 aut
752 3564 855 3628 nullas
873 3572 928 3627 aut
944 3564 1155 3648 paucissimas
1176 3572 1329 3648 expertus
1350 3565 1400 3641 sit,
1422 3563 1539 3627 deinde

140 3660 211 3725 aliis
234 3661 325 3729 libris
347 3666 502 3733 adhibitis
524 3672 557 3732 in
580 3670 699 3734 librum
723 3669 812 3733 illum
835 3666 881 3753 (λ)
901 3667 1055 3731 lectiones
1079 3665 1121 3731 ab
1142 3665 1306 3731 Lalienas
1328 3666 1433 3731 illatas
1457 3690 1538 3731 esse.

143 3766 242 3833 nolim
256 3771 289 3833 in
305 3775 499 3839 sententiam
515 3775 557 3839 ab
574 3774 718 3839 Hinckio
733 3772 893 3858 prolatam
909 3772 1057 3835 hocloco
1073 3774 1256 3836 accuratius
1272 3774 1444 3857 inquirere,
1466 3793 1539 3835 cum

107 3908 110 3912 ·
140 3872 174 3935 id
195 3874 326 3959 quidem
347 3887 467 3963 pateat,
488 3900 531 3942 ex
555 3881 650 3944 nnius
672 3877 802 3942 fabulae
824 3878 992 3963 scripturis
1013 3876 1054 3940 de
1077 3878 1174 3940 totius
1191 3876 1312 3941 codicis
1328 3875 1436 3940 indole
1452 3876 1539 3941 baud

140 3986 264 4044 certum
279 3979 350 4044 fieri
361 4004 456 4067 110000
469 3983 634 4047 iudicium.
658 4003 764 4067 neque
780 3981 943 4045 Hinckius
959 3981 1119 4065 persuasit
1130 3980 1170 4045 V.
1184 3979 1365 4062 Subkoffio,
1382 3982 1447 4066 qni,
1464 4003 1539 4046 cum

139 4080 331 4149 Trachinias
351 4088 382 4150 in
404 4085 488 4152 libro
505 4086 516 4148 1
532 4086 729 4165 00111110001,
753 4089 786 4149 in
807 4086 948 4150 editione
970 4083 1064 4149 buius
1084 4083 1215 4149 fabulae
1230 4107 1259 4149 a.
1276 4084 1358 4148 1879
1378 4087 1412 4149 in
1431 4086 1538 4150 lucem

138 4188 257 4253 emissa
270 4189 359 4255 haud
375 4192 472 4256 aliam
489 4194 683 4256 sententiam
695 4200 790 4276 atque
804 4188 993 4255 Dindorfius
1007 4191 1102 4275 iique,
1117 4190 1172 4274 qui
1187 4188 1277 4252 illum
1289 4198 1453 4272 secuntur,
1470 4189 1511 4255 de
1528 4189 1539 4252 1

138 4296 279 4381 protulit.
304 4296 345 4361 de
361 4296 608 4363 Trachiniarum
625 4297 763 4361 editione
784 4319 803 4359 a
818 4296 873 4359 Fr.
887 4295 929 4358 H.
943 4294 988 4358 M.
1002 4294 1177 4378 Blaydesio
1197 4292 1326 4358 01872
1346 4304 1458 4357 curata
1474 4316 1538 4358 non

139 4411 198 4484 est,
215 4402 301 4488 quod
312 4403 374 4467 boc
386 4402 457 4467 1000
472 4402 574 4467 verba
589 4401 716 4466 faciam.
741 4423 818 4465 nam
830 4401 889 4464 etsi
905 4398 1057 4463 undecim
1073 4397 1238 4478 librorum,
1256 4398 1288 4460 in
1302 4396 1419 4483 quibus
1436 4397 1447 4459 1
1463 4420 1536 4483 quo·

139 4526 201 4591 que
221 4516 280 4588 est,
300 4506 445 4571 lectionis
465 4508 655 4571 varietatem
674 4509 779 4570 textui
802 4505 952 4587 subiecit,
973 4513 1082 4568 tamen
1098 4512 1250 4587 quattuor
1264 4510 1390 4567 tantum
1407 4502 1536 4567 codices

138 4609 301 4675 Parisinos
316 4614 385 4697 ipse
402 4613 547 4677 excussit
560 4632 665 4695 neque
682 4611 722 4675 de
739 4610 889 4675 codicum
905 4609 1026 4692 origine
1043 4608 1217 4693 quicquam
1233 4607 1421 4693 disputavit.
