3225 5092
228 1359 341 1445 Huius
359 1382 662 1468 disputatiunculae,
679 1405 762 1469 quae
779 1387 954 1470 praecipue
975 1386 1017 1450 ad
1039 1388 1212 1471 scriptores
1227 1387 1353 1452 Atticos
1373 1390 1524 1474 antiquis·
1592 1432 1593 1435 =

126 1487 220 1548 simos
241 1487 391 1572 pertinet,
412 1490 581 1553 materiam
602 1487 680 1552 mihi
701 1488 923 1574 praebuerunt
938 1489 1088 1574 Gorgias,
1110 1491 1170 1556 sub
1187 1494 1278 1555 cuius
1293 1494 1423 1556 nomine
1440 1494 1524 1558 duae

125 1589 375 1654 declamationes
391 1590 547 1674 feruntur,
570 1615 708 1679 quarum
722 1616 801 1658 num
817 1603 955 1680 utraque
972 1597 1013 1658 sit
1028 1598 1179 1679 genuina,
1194 1596 1227 1659 in
1244 1596 1350 1661 medio
1365 1597 1522 1683 relinquo,
1592 1636 1593 1663 ;

126 1694 302 1780 Antiphon,
312 1694 532 1781 Thucydides,
542 1696 669 1762 libellus
678 1698 718 1761 dc
731 1698 910 1785 republica
919 1698 1177 1781 Atheniensium,
1186 1702 1219 1763 in
1228 1702 1319 1764 cuius
1332 1723 1524 1783 sermonem,

125 1819 321 1883 quamquam
337 1808 383 1863 tot
399 1801 439 1864 de
455 1799 508 1865 illo
526 1803 810 1866 commentationes
831 1805 1034 1889 conscriptae
1055 1813 1137 1889 sunt,
1158 1803 1333 1868 nemodum
1347 1806 1524 1890 inquisivit,

126 1902 327 1985 Andocides,
356 1907 445 1968 cuius
472 1907 506 1968 in
533 1905 663 1970 dicendi
690 1906 959 1971 consuetudinem
985 1907 1269 1993 perscrutandam,
1298 1918 1423 1974 textum
1452 1933 1524 1974 con-

126 2008 337 2092 stituendum,
370 2009 511 2093 singulos
537 2009 625 2074 locos
653 2010 877 2096 explanandos
904 2033 1036 2098 operam
1062 2013 1205 2096 impendi
1233 2022 1371 2096 tautam,
1403 2023 1525 2099 quanta

127 2109 240 2196 dignus
261 2112 437 2177 videbatur
459 2123 566 2178 orator
590 2113 643 2177 ille
666 2138 685 2178 a
707 2116 927 2198 grammaticis
950 2137 1052 2200 usque
1076 2117 1118 2179 ad
1140 2117 1221 2181 haec
1241 2126 1389 2202 tempora
1408 2119 1525 2182 iniuria

126 2238 219 2303 saepe
250 2217 434 2303 neglectus,
463 2219 575 2302 primis
603 2220 757 2283 sermonis
780 2218 883 2283 Attici
914 2219 1146 2284 efflorescentis
1172 2222 1374 2307 temporibus
1403 2224 1524 2306 gravis-

127 2323 232 2404 simus,
253 2332 290 2386 ut
305 2321 450 2407 plerique
467 2324 569 2405 magis
590 2324 758 2408 magisque
778 2323 839 2388 sibi
860 2325 1068 2410 persuadent,
1089 2325 1180 2388 testis
1200 2327 1311 2390 iudicii
1332 2329 1462 2390 oratorii
1481 2328 1523 2391 ab

127 2428 257 2510 argutiis
273 2427 432 2512 nugisque
449 2426 630 2492 Siculorum
651 2428 693 2490 ad
712 2437 863 2492 naturam
883 2429 1188 2515 simplicitatemque
1209 2452 1243 2495 se
1265 2432 1523 2518 convertentisl)

126 2531 287 2596 titulorum
303 2552 431 2616 quoquc
445 2531 479 2593 in
494 2530 658 2615 lapidibus
674 2532 847 2595 incisorum
863 2533 943 2596 ratio
964 2522 1034 2596 erat
1048 2531 1214 2612 habenda3
1236 2532 1293 2596 sed
1308 2533 1432 2598 fructus
1455 2537 1524 2599 eius

128 2656 241 2718 operae
256 2644 387 2721 praeter
402 2635 679 2720 exspectationem
699 2645 769 2698 erat
789 2637 942 2719 minutus,
960 2659 1034 2700 cum
1051 2638 1097 2700 eis
1113 2636 1213 2701 titulis
1234 2637 1365 2702 dialecti
1382 2638 1523 2720 Atticae,

129 2741 178 2822 qui
193 2741 338 2804 oratione
354 2739 457 2803 soluta
473 2741 583 2824 scripti
600 2749 683 2824 sunt,
700 2762 751 2803 me
769 2743 977 2824 continerem,
994 2763 1049 2805 cos
1064 2751 1184 2825 autem,
1201 2743 1257 2828 qui
1272 2745 1366 2807 metri
1382 2746 1524 2807 numeris

128 2843 223 2907 vincti
243 2853 328 2927 sunt,
349 2844 652 2928 praetermitterem,
674 2843 789 2908 eodem
808 2844 921 2926 modo,
943 2867 1006 2930 quo
1026 2854 1195 2930 poetarum
1211 2845 1394 2910 Atticorum
1414 2868 1522 2932 opera,

129 2949 242 3034 quippe
258 2950 313 3032 qui
328 2948 476 3032 proprias
491 2947 580 3032 leges
596 2957 818 3034 sequerentur,
834 2951 868 3012 in
882 2949 946 3012 hac
962 2951 1149 3036 quaestione
1165 2971 1229 3013 non
1244 2952 1384 3034 respexi.

224 3052 286 3116 His
302 3053 400 3136 igitur
416 3051 640 3136 disputationis
656 3075 747 3117 meae
764 3053 983 3117 fundamentis
999 3055 1102 3138 iactis,
1122 3054 1199 3139 quia
1218 3052 1354 3118 alicuius
1370 3057 1524 3119 momenti

130 3175 194 3219 esse
210 3157 439 3222 existimabam
456 3177 663 3240 cognoscere,
685 3157 812 3242 qualem
834 3157 977 3242 speciem
992 3159 1093 3222 oratio
1110 3179 1205 3242 prosa
1220 3167 1294 3222 ante
1310 3160 1431 3242 primos
1441 3158 1523 3223 Atti-

132 3281 180 3324 cos
195 3283 275 3346 prae
291 3284 326 3324 se
342 3261 478 3343 tulisset,
499 3261 657 3325 Herodoti
678 3283 772 3326 usum
792 3264 988 3326 examinavi.
1020 3284 1084 3348 qua
1104 3264 1136 3325 in
1156 3284 1201 3345 re,
1223 3284 1307 3344 cum,
1329 3284 1412 3348 quae
1428 3262 1469 3327 de
1485 3287 1522 3327 eo

131 3362 168 3426 ab
188 3366 257 3429 aliis
279 3364 443 3451 disputata
464 3375 552 3448 sunt,
575 3388 640 3430 non
661 3388 789 3451 semper
809 3366 1011 3448 sufficerent,
1035 3389 1147 3451 saepe,
1170 3376 1207 3431 ut
1226 3366 1428 3432 Herodotum
1449 3391 1524 3433 cum

131 3466 240 3534 Atticis
260 3470 491 3555 antiquissimis
507 3471 540 3534 in
555 3471 618 3534 hac
634 3469 730 3535 illave
751 3493 787 3534 re
802 3473 953 3535 interiore
974 3469 1171 3534 contendere
1187 3493 1325 3557 possem,
1347 3473 1417 3556 ipse
1433 3474 1522 3557 prius

132 3574 390 3640 consuetudinem
406 3573 563 3638 Herodoti
579 3574 783 3660 explorarem
799 3596 933 3640 necesse
949 3583 1027 3638 erat.

225 3678 355 3743 Deinde
364 3688 399 3742 ut
407 3679 590 3763 adpareret,
604 3679 764 3764 quomodo
777 3678 920 3764 quidque
933 3678 1143 3763 temporibus,
1157 3701 1241 3765 quae
1251 3683 1401 3746 continuo
1411 3703 1522 3767 seque-

132 3775 254 3861 bantur,
281 3785 485 3849 immutatum
509 3792 593 3846 esset
616 3805 658 3846 an
682 3791 847 3847 servatum
869 3805 911 3845 an
936 3782 1157 3867 repudi-atum,
1185 3784 1376 3871 plerumque
1399 3785 1521 3872 Lysiae

132 3903 250 3972 quoque
266 3895 298 3950 et
313 3886 466 3950 Isocratis
487 3889 645 3950 orationes
667 3888 813 3972 respexi3
838 3895 934 3971 atque
958 3887 1073 3951 eadem
1094 3887 1135 3952 dc
1159 3910 1259 3953 causa
1279 3911 1522 3975 nonnumquam

132 3989 219 4054 etiam
231 3991 274 4056 ad
287 4001 429 4055 oratores
442 3998 548 4054 aetate
560 3991 739 4073 inferiores,
755 3994 899 4055 maxime
908 3992 1163 4075 Demosthenem
1175 3993 1341 4078 descendi,
1354 3994 1521 4081 multoque

227 4203 247 4266 ¹)
266 4201 297 4251 L.
310 4201 409 4267 Egger,
431 4202 474 4251 die
491 4201 654 4252 Parenthese
675 4202 720 4251 bei
742 4201 793 4252 den
815 4203 949 4253 attischen
966 4203 1092 4253 Rednern
1110 4202 1332 4268 (Mittheilnngen
1349 4204 1396 4253 des
1408 4204 1521 4254 Vereins

132 4283 304 4339 Mittelschulc
320 4290 395 4352 1887,
408 4289 457 4348 t.I,
471 4289 530 4354 tt),
543 4306 568 4354 p.
578 4291 623 4338 32:
637 4287 824 4338 Andocides
836 4290 1034 4340 bezeichnet
1045 4292 1120 4340 eine
1132 4289 1191 4338 Art
1204 4291 1380 4352 Reacti0n3
1394 4290 1425 4340 cf.
1436 4291 1521 4355 Blass,

131 4377 173 4422 att.
182 4375 238 4426 Ber.
247 4376 274 4427 1²
283 4377 343 4440 298,
353 4375 513 4440 Morawsky,
526 4376 576 4425 af.
584 4381 606 4425 ὅ.
615 4375 646 4428 G.
656 4377 787 4426 XXX401
799 4392 869 4442 sqq.;
887 4392 956 4443 quae
969 4383 1060 4427 autem
1073 4378 1141 4426 ratio
1154 4379 1225 4427 inter
1237 4378 1355 4443 quinque
1367 4376 1429 4427 illos
1441 4380 1521 4444 scrip-

131 4450 392 4524 tores'intercederet,
411 4463 512 4527 quique
529 4477 620 4512 eorum
636 4477 786 4512 sermonem
799 4462 917 4514 Atticum
931 4464 1046 4530 quodam
1064 4464 1142 4513 modo
1155 4463 1282 4514 fundasse
1294 4465 1407 4530 putandi
1424 4471 1521 4526 essent,

131 4547 200 4608 primi
212 4555 394 4616 exposuerunt
405 4548 584 4599 Wilamowitz
601 4551 630 4598 in
648 4551 716 4599 actis
732 4566 809 4600 conv.
827 4551 891 4616 phil.
910 4552 999 4600 Germ.
1017 4550 1150 4600 Visbadae
1164 4552 1240 4615 1877,
1260 4568 1285 4617 p.
1301 4553 1334 4600 39
1348 4558 1375 4600 et
1387 4552 1521 4602 Susamihl

133 4645 187 4686 ann.
198 4637 259 4704 phil.
271 4637 344 4689 CXV
358 4638 407 4686 798
421 4653 458 4702 sq.

1315 4743 1364 4793 10*
