3225 5092
40 209 189 294 Ι11

147 401 336 485 languidum
347 423 425 465 vero
434 402 633 487 ‘innupserit'
643 403 667 488 ¹)
679 403 758 468 nihil
767 404 855 468 aliud
865 427 934 469 esse
945 404 1073 469 videtur
1086 427 1183 492 quam
1194 406 1369 493 explicatio
1381 407 1540 492 quaedam

147 505 240 570 verbi
263 505 449 601 invaserit,
477 505 563 590 quod
588 530 607 571 a
630 506 765 572 Ruehlio
787 531 824 574 eo
847 511 1047 595 potissimum
1068 510 1261 575 'damnatum
1288 534 1357 575 esse
1386 514 1542 597 suspicor,

148 611 224 695 quia
246 609 308 674 boc
330 633 395 674 uno
417 609 487 674 loco
512 633 586 675 1111
609 614 846 697 praepositione
871 614 927 676 ‘in’¹
947 613 988 678 ab
1009 614 1131 678 Iustino
1155 617 1359 680 construitur.
1390 618 1543 679 'introeo

149 713 199 796 12,
215 714 264 797 13,
278 715 306 777 3.
331 715 425 780 obeo
440 715 493 797 41,
507 715 537 798 3,
550 715 580 780 4.
606 717 984 802 1111111117,6,14,11.
1008 718 1168 783 obsideo
1186 718 1358 797 1,5,10a1.
1378 741 1542 804 peragro

149 816 197 896 12,
211 819 313 900 10,1,
335 819 386 896 44,
400 819 431 899 4,
450 818 479 884 8.
514 840 706 905 pervagor
725 821 777 903 37,
796 822 826 904 3,
843 822 874 886 4.
912 822 1101 907 praecedo
1124 822 1221 905 14,4,
1241 822 1289 886 15.
1326 823 1542 887 hocverbum

147 943 220 986 cum
241 924 426 987 accusativo
440 925 595 1008 iunctum,
617 924 703 1010 quod
718 925 805 1011 apud
827 926 1082 1009 elegantissimos
1102 929 1284 1013 scriptores,
1306 928 1332 990 si
1353 926 1446 991 Caes.
1467 927 1540 992 bell.

147 1024 230 1090 Call.
247 1027 344 1111 1,1,4
357 1030 535 1112 exceperis,
552 1029 671 1092 frustra
687 1051 833 1114 quaeres,
850 1030 963 1094 Livius
974 1031 1008 1094 in
1021 1033 1195 1095 orationem
1208 1032 1392 1116 pedestrem
1404 1030 1541 1114 induxit,

147 1129 222 1193 inde
239 1152 336 1215 aquo
352 1131 573 1217 increbrescit,
596 1133 635 1198 cl.
651 1133 722 1196 Liv.
741 1133 770 1216 7,
790 1134 840 1216 13,
857 1133 887 1213 2,
908 1134 1042 1215 Quintil.
1060 1133 1090 1215 9,
1107 1135 1137 1216 4,
1155 1133 1197 1197 82
1217 1134 1257 1197 al.
1289 1135 1542 1218 praegredior

147 1234 197 1313 24,
208 1236 238 1316 3,
247 1235 277 1300 4.
302 1237 426 1319 primus
442 1235 517 1298 huic
533 1236 634 1301 verbo
649 1239 871 1302 accusativum
884 1237 1042 1302 adiecisse
1053 1236 1185 1301 videtur
1196 1238 1321 1319 Livius,
1338 1238 1378 1302 cf.
1389 1238 1501 1321 36,31,
1511 1238 1541 1302 7.

146 1341 355 1424 praevenio
379 1338 431 1422 22,
450 1340 479 1420 3,
498 1340 531 1421 73
553 1339 605 1422 32,
623 1341 653 1422 4,
671 1339 705 1421 8,
729 1343 858 1427 passive
877 1341 930 1417 21,
946 1342 977 1424 4,
995 1341 1029 1422 6,
1050 1341 1102 1423 32,
1120 1341 1198 1424 3,·3.
1229 1344 1256 1404 is
1279 1365 1357 1406 usus
1380 1344 1543 1406 invenitur

146 1443 233 1530 apud
257 1443 443 1508 Sallustium
468 1443 552 1530 (lug.
571 1444 621 1521 71,
638 1445 673 1528 b)
694 1445 825 1509 Livium
844 1446 937 1527 alios,
962 1445 1018 1510 sed
1034 1469 1054 1510 a
1070 1444 1226 1509 Cicerone
1241 1457 1274 1509 11
1289 1429 1428 1510 Caesare
1445 1445 1541 1531 plane

146 1557 195 1612 est
218 1547 350 1613 alienus.
375 1547 467 1612 verbi
490 1556 694 1633 praetereo
716 1549 847 1633 passiva
870 1558 995 1614 tantum
1017 1550 1120 1614 forma
1141 1549 1183 1614 ab
1207 1550 1330 1614 Iustino
1352 1539 1542 1615 adhibetur:

146 1652 198 1734 21,
215 1654 245 1736 5,
265 1653 318 1733 10;
341 1653 393 1732 41,
411 1653 442 1737 b,
462 1653 515 1734 10,
539 1652 590 1734 42,
610 1655 638 1735 1,
656 1653 689 1733 33
713 1652 765 1735 42,
783 1654 813 1734 2,
831 1653 860 1718 8.
900 1653 1016 1719 subeo
1042 1655 1090 1736 14,
1111 1654 1141 1735 2,
1160 1655 1194 1734 33
1218 1654 1270 1736 27,
1290 1655 1369 1738 1,3,
1392 1655 1445 1735 41,
1462 1654 1492 1734 2,
1510 1654 1540 1717 9.

146 1760 351 1822 accusativus
368 1779 441 1821 1111
457 1757 558 1821 verbo
575 1755 848 1843 supergredior
864 1761 1053 1822 coniunctus
1068 1757 1120 1843 42,
1133 1758 1163 1840 2,
1177 1760 1196 1822 3
1217 1759 1407 1823 ‘claritatem
1427 1780 1540 1843 paren-

145 1871 213 1924 tum
231 1911 236 1923 .
253 1911 258 1923 .
274 1912 280 1924 .
295 1913 302 1924 .
316 1861 581 1946 supergreditur',
602 1861 655 1943 44,
672 1862 702 1942 5,
720 1861 740 1924 6
757 1865 819 1925 ‘res
833 1873 941 1946 gestas
959 1864 1208 1947 supergressus’,
1223 1863 1345 1927 Iustino
1362 1864 1542 1926 communis

80 1975 83 1980 '
146 1974 290 2028 1111111
315 1965 384 2029 aliis
409 1965 634 2050 scriptoribus,
664 1968 717 2051 qui
740 1976 814 2052 post
836 1966 975 2050 Augusti
999 1976 1138 2031 aetatem
1162 1968 1326 2048 vixerunt,
1349 1964 1439 2030 velut
1461 1965 1540 2029 Tac.

145 2069 230 2134 Amr.
247 2070 296 2151 14,
309 2068 361 2152 52,
378 2068 451 2133 Val.
465 2069 554 2133 Max.
566 2070 597 2152 4,
610 2069 640 2151 3,
653 2071 683 2133 3.
716 2068 950 2134 transcendo
972 2072 1022 2152 11,
1035 2069 1066 2153 8,
1079 2071 1113 2149 23
1135 2072 1186 2152 24,
1198 2072 1229 2152 4,
1241 2072 1276 2152 4,
1297 2069 1442 2136 absolute
1459 2071 1540 2155 posi-

145 2182 212 2237 tum
228 2172 280 2255 23,
296 2172 372 2254 1,2;
390 2172 440 2256 37,
454 2174 484 2255 3,
497 2174 527 2237 5.

250 2276 369 2357 Verba,
393 2298 475 2361 quae
498 2288 608 2342 contra
624 2277 752 2362 liuguae
769 2277 984 2343 Germanicae
1000 2301 1094 2343 usum
1110 2279 1198 2364 apud
1214 2280 1350 2363 optimos
1366 2279 1541 2362 scriptores

144 2382 259 2445 latinos
276 2380 439 2445 obiectum
454 2384 485 2445 in
501 2384 687 2446 accusativo
704 2385 845 2469 positum
861 2383 923 2446 sibi
939 2394 1086 2468 poscunt,
1102 2383 1244 2447 Iustinus
1259 2383 1328 2446 1111
1343 2383 1450 2447 omnia
1466 2405 1542 2445 1111

144 2485 205 2548 hoc
222 2508 300 2550 casu
316 2487 491 2564 coniunxit,
509 2485 609 2549 veluti
626 2488 747 2571 ‘aequo,
766 2486 863 2570 fugio,
881 2489 997 2569 imitor,
1013 2489 1099 2564 iuvo,
1116 2488 1253 2572 sequor'.
1282 2486 1357 2550 talia
1368 2488 1466 2570 igitur
1477 2507 1541 2549 non

146 2612 236 2672 1111,
261 2589 318 2654 sed
342 2612 458 2676 operae
483 2593 622 2675 pretium
647 2593 707 2654 erit
730 2613 768 2655 ea
792 2589 895 2655 verba
919 2594 951 2654 in
975 2591 1116 2655 medium
1139 2592 1297 2676 proferre,
1322 2613 1405 2675 quae
1429 2602 1542 2655 111111

35 2787 36 2790 ¹
144 2695 289 2778 regulam
315 2694 403 2759 illam
434 2697 633 2759 notissimam
660 2695 806 2759 dativum
839 2695 925 2780 apud
953 2695 1111 2759 Iustinum
1142 2696 1311 2780 recipiunt.
1353 2695 1417 2759 huc
1444 2696 1543 2778 igitur

144 2801 285 2884 primum
302 2809 429 2885 spectat
444 2799 595 2863 adulari
613 2799 662 2883 12,
674 2799 754 2880 13,2
770 2804 815 2862 ‘ut
832 2811 969 2864 cunctae
984 2808 1098 2883 gentes
1113 2799 1203 2864 velut
1218 2799 1377 2865 destinato
1394 2798 1456 2863 sibi
1471 2801 1542 2882 regi

144 2903 374 2979 adularentur',
393 2925 489 2989 quam
503 2913 698 2968 structuram
711 2902 825 2967 Cicero
842 2906 969 2967 omnino
980 2906 1104 2985 vitavit,
1121 2903 1220 2966 semel
1233 2903 1361 2966 admisit
1373 2900 1541 2966 Cornelius

144 3009 257 3094 Nepos
273 3009 340 3073 Att.
355 3008 385 3091 8,
398 3008 418 3071 6
435 3008 594 3073 ‘adulatus
611 3019 660 3072 est
675 3009 837 3072 Antonio’.
861 3016 990 3094 praeter
1006 3008 1152 3072 dativum
1163 3008 1306 3072 Iustinus
1322 3010 1414 3071 sicuti
1426 3007 1542 3070 Livius

144 3115 241 3176 etiam
253 3115 475 3178 accusativum
487 3115 594 3198 posuit
606 3112 636 3198 8,
645 3111 704 3192 4,8
717 3121 750 3176 11
764 3113 814 3197 17,
823 3111 853 3196 2,
865 3112 905 3175 10
916 3111 1094 3198 (adulatur
1105 3112 1187 3176 eum'
1198 3133 1240 3175 ex
1252 3110 1292 3176 A.
1300 3109 1456 3175 Gronovii
1470 3133 1540 3174 con-

144 3218 291 3302 iectura).
329 3217 445 3282 deinde
461 3217 573 3282 adfero
594 3217 778 3281 aemulari
799 3216 829 3298 6,
842 3216 901 3297 9,]
923 3217 984 3280 ‘cui
1001 3216 1155 3280 aemulari
1171 3215 1427 3280 consueverant'.
1460 3214 1541 3278 haec

145 3331 314 3406 structura,
335 3343 530 3406 quamquam
551 3321 638 3407 apud
660 3321 850 3385 Ciceronem
866 3321 963 3384 Tusc.
983 3321 1010 3402 1,
1031 3321 1080 3401 19,
1098 3321 1141 3382 44
1157 3319 1254 3405 ‘quod
1273 3323 1312 3383 iis
1331 3319 1541 3399 aemulemur,

144 3429 197 3510 qui
214 3449 252 3489 ea
268 3424 416 3490 habeant'
431 3426 559 3490 obviam
576 3425 621 3505 fit,
637 3435 745 3490 tamen
761 3425 888 3489 insolita
904 3423 966 3488 diei
982 3433 1096 3510 potest.
1120 3446 1195 3487 nam
1207 3447 1227 3488 a
1241 3423 1388 3487 Caesaris
1401 3422 1541 3487 Cornelii

143 3530 277 3616 Nepotis
298 3530 437 3594 Sallustii
458 3530 544 3593 Livii
567 3528 706 3594 dictione
730 3529 825 3615 plane
847 3529 955 3611 abest,
979 3539 1076 3614 atque
1097 3531 1193 3595 etiam
1216 3527 1329 3592 Cicero
1349 3550 1407 3613 pro
1428 3526 1542 3591 Flacc.

144 3634 185 3697 63
205 3636 426 3698 accusativum
449 3637 493 3698 rei
518 3634 593 3698 huic
616 3633 716 3700 verbo
740 3634 915 3697 subiunxit.
951 3634 1033 3699 alter
1054 3644 1163 3697 autem
1185 3633 1274 3697 locus
1298 3631 1542 3714 Ciceronianae,

142 3738 239 3802 Tusc.
259 3739 289 3819 4,
307 3738 358 3819 26,
375 3738 417 3802 56
434 3738 625 3804 ‘obtrectare
646 3759 724 3803 vero
748 3738 839 3802 alteri
860 3749 915 3802 aut
934 3737 989 3801 illa
1009 3739 1123 3802 vitiosa
1144 3738 1399 3802 aemulatione..
1415 3760 1542 3801 111111-

143 3843 201 3906 lari
227 3843 304 3928 quid
327 3842 427 3906 babet
449 3843 626 3908 utilitatis‘l'
654 3843 728 3907 inde
752 3844 873 3927 accipit
894 3845 1152 3925 excusationem,
1176 3841 1262 3927 quod
1283 3841 1456 3905 ‘aemulari'
1479 3863 1541 3904 non

145 3969 218 4010 eum
235 3945 343 4010 dativo
359 3949 428 4032 ipso
445 3949 651 4012 coniunctum
668 3957 726 4029 est,
743 3947 799 4012 sed
816 3946 858 4010 ad
874 3945 1010 4012 verbum
1027 3945 1228 4009 ‘obtrectare'
1247 3969 1281 4009 se
1296 3946 1479 4032 adplicatl)

248 4157 269 4221 1)
291 4157 365 4206 Adde
383 4157 454 4221 quod
473 4159 639 4223 ‘innupsarit'
657 4160 709 4208 iam
733 4163 841 4224 propter
862 4157 902 4219 id,
923 4156 994 4222 quod
1017 4158 1137 4222 seqnitur
1159 4157 1314 4220 ‘nubendo',
1335 4159 1381 4206 vix
1401 4157 1540 4207 ferendum

144 4259 201 4294 esse
214 4244 327 4294 videtur.
1261 4305 1264 4312 Ι

246 4330 268 4395 ²)
281 4330 410 4380 Nonnulli
428 4332 595 4396 grammatici
613 4331 700 4396 (velut
717 4332 853 4396 Reisigius
869 4332 1004 4396 Schol.²p.
1015 4334 1065 4381 603
1075 4348 1122 4396 aq,
1140 4332 1299 4381 Knehnerus
1313 4333 1357 4382 Gr.
1364 4331 1411 4381 lat.
1421 4332 1448 4380 11
1457 4349 1482 4397 p.
1491 4333 1541 4380 194

142 4416 237 4481 adnl)
263 4423 426 4482 putaverunt
444 4419 553 4467 verbum
573 4417 718 4467 ‘aemulari'
736 4434 796 4468 cum
815 4419 905 4468 dativo
923 4420 1095 4468 coniunctum
1115 4418 1355 4469 ‘leidenschaftlich
1377 4418 1542 4467 nacheiforn'

144 4501 304 4567 significare,
318 4506 472 4554 accusativo
486 4509 576 4554 antem
589 4505 723 4554 adnexum
737 4506 763 4553 in
777 4505 874 4555 bonam
887 4514 990 4570 partem
1004 4521 1061 4555 esse
1073 4505 1266 4571 accipiendum.
1292 4521 1371 4571 quarn
1381 4506 1542 4556 sententiam

142 4590 214 4638 omni
224 4605 313 4639 carere
327 4606 407 4640 causa
419 4607 467 4640 suo
480 4593 538 4640 iure
551 4591 690 4640 adnotavit
704 4592 822 4641 Haasius
835 4592 908 4656 (adn.
919 4593 990 4657 544).
