<?xml version="1.0" encoding="UTF-8"?>
<!DOCTYPE html PUBLIC "-//W3C//DTD XHTML 1.0 Transitional//EN"
    "http://www.w3.org/TR/xhtml1/DTD/xhtml1-transitional.dtd">
<html xmlns="http://www.w3.org/1999/xhtml" xml:lang="en" lang="en">
 <head>
  <title>
</title>
<meta http-equiv="Content-Type" content="text/html;charset=utf-8" />
  <meta name='ocr-system' content='tesseract 3.04.00' />
  <meta name='ocr-capabilities' content='ocr_page ocr_carea ocr_par ocr_line ocrx_word'/>
</head>
<body>
  <div class='ocr_page' id='page_1' title='image "./dissertationesp06wiengoog_0226.png"; bbox 0 0 3225 5092; ppageno 0'>
   <div class='ocr_carea' id='block_1_1' title="bbox 214 1362 1545 1477">
    <p class='ocr_par' dir='ltr' id='par_1_1' title="bbox 214 1362 1545 1477">
     <span class='ocr_line' id='line_1_1' title="bbox 214 1362 1545 1477; baseline 0.003 -23"><span class='ocrx_word' id='word_1_1' title='bbox 214 1362 217 1367; x_wconf 93' lang='lat'>.</span> <span class='ocrx_word' id='word_1_2' title='bbox 253 1369 295 1455; x_wconf 84' lang='lat' dir='ltr'><strong>ln</strong></span> <span class='ocrx_word' id='word_1_3' title='bbox 316 1391 483 1457; x_wconf 81' lang='lat' dir='ltr'><strong>codicibus</strong></span> <span class='ocrx_word' id='word_1_4' title='bbox 499 1389 687 1477; x_wconf 80' lang='lat' dir='ltr'>Sophocleis</span> <span class='ocrx_word' id='word_1_5' title='bbox 707 1412 727 1454; x_wconf 90' lang='lat' dir='ltr'><strong>a</strong></span> <span class='ocrx_word' id='word_1_6' title='bbox 746 1391 825 1457; x_wconf 86' lang='lat' dir='ltr'><strong>viris</strong></span> <span class='ocrx_word' id='word_1_7' title='bbox 844 1390 959 1469; x_wconf 89' lang='lat' dir='ltr'><strong>doctis,</strong></span> <span class='ocrx_word' id='word_1_8' title='bbox 981 1391 1037 1477; x_wconf 94' lang='lat' dir='ltr'><strong>qui</strong></span> <span class='ocrx_word' id='word_1_9' title='bbox 1057 1399 1113 1456; x_wconf 91' lang='lat' dir='ltr'><strong>aut</strong></span> <span class='ocrx_word' id='word_1_10' title='bbox 1133 1391 1289 1457; x_wconf 82' lang='lat' dir='ltr'><strong>editiones</strong></span> <span class='ocrx_word' id='word_1_11' title='bbox 1310 1391 1439 1458; x_wconf 91' lang='lat' dir='ltr'><strong>criticas</strong></span> <span class='ocrx_word' id='word_1_12' title='bbox 1455 1389 1545 1458; x_wconf 88' lang='lat' dir='ltr'><strong>ador-</strong></span> 
     </span>
    </p>
   </div>
   <div class='ocr_carea' id='block_1_2' title="bbox 150 1494 1552 4301">
    <p class='ocr_par' dir='ltr' id='par_1_2' title="bbox 150 1494 1552 4301">
     <span class='ocr_line' id='line_1_2' title="bbox 150 1494 1546 1583; baseline 0.003 -25"><span class='ocrx_word' id='word_1_13' title='bbox 150 1504 312 1560; x_wconf 91' lang='lat' dir='ltr'><strong>naverunt</strong></span> <span class='ocrx_word' id='word_1_14' title='bbox 332 1504 388 1559; x_wconf 92' lang='lat' dir='ltr'><strong>aut</strong></span> <span class='ocrx_word' id='word_1_15' title='bbox 408 1497 630 1582; x_wconf 89' lang='lat' dir='ltr'><strong>quaestionem</strong></span> <span class='ocrx_word' id='word_1_16' title='bbox 649 1494 738 1559; x_wconf 90' lang='lat' dir='ltr'><strong>illam</strong></span> <span class='ocrx_word' id='word_1_17' title='bbox 756 1502 1040 1580; x_wconf 88' lang='lat' dir='ltr'><strong>pertractaverunt</strong></span> <span class='ocrx_word' id='word_1_18' title='bbox 1058 1495 1100 1560; x_wconf 89' lang='lat' dir='ltr'><strong>de</strong></span> <span class='ocrx_word' id='word_1_19' title='bbox 1121 1494 1271 1560; x_wconf 90' lang='lat' dir='ltr'><strong>codicum</strong></span> <span class='ocrx_word' id='word_1_20' title='bbox 1292 1494 1546 1583; x_wconf 88' lang='lat' dir='ltr'><strong>Sophocleorum</strong></span> 
     </span>
     <span class='ocr_line' id='line_1_3' title="bbox 150 1598 1546 1685; baseline 0.004 -23"><span class='ocrx_word' id='word_1_21' title='bbox 150 1600 284 1683; x_wconf 83' lang='lat' dir='ltr'>origine,</span> <span class='ocrx_word' id='word_1_22' title='bbox 296 1602 480 1665; x_wconf 78' lang='lat' dir='ltr'>accuratius</span> <span class='ocrx_word' id='word_1_23' title='bbox 492 1600 684 1664; x_wconf 80' lang='lat' dir='ltr'><strong>examinatis</strong></span> <span class='ocrx_word' id='word_1_24' title='bbox 696 1598 779 1664; x_wconf 91' lang='lat' dir='ltr'><strong>liber</strong></span> <span class='ocrx_word' id='word_1_25' title='bbox 790 1607 840 1663; x_wconf 90' lang='lat' dir='ltr'><strong>est</strong></span> <span class='ocrx_word' id='word_1_26' title='bbox 849 1599 1086 1664; x_wconf 82' lang='lat' dir='ltr'><strong>Laurentianus</strong></span> <span class='ocrx_word' id='word_1_27' title='bbox 1098 1598 1141 1685; x_wconf 89' lang='lat' dir='ltr'><strong>pl.</strong></span> <span class='ocrx_word' id='word_1_28' title='bbox 1155 1599 1285 1666; x_wconf 87' lang='lat' dir='ltr'>XXXI.</span> <span class='ocrx_word' id='word_1_29' title='bbox 1301 1599 1341 1664; x_wconf 93' lang='lat'><strong>10</strong></span> <span class='ocrx_word' id='word_1_30' title='bbox 1353 1610 1429 1667; x_wconf 88' lang='lat' dir='ltr'><strong>nota</strong></span> <span class='ocrx_word' id='word_1_31' title='bbox 1441 1600 1491 1665; x_wconf 82' lang='lat' dir='ltr'><strong>Lo</strong></span> <span class='ocrx_word' id='word_1_32' title='bbox 1503 1602 1546 1667; x_wconf 86' lang='lat' dir='ltr'><strong>ab</strong></span> 
     </span>
     <span class='ocr_line' id='line_1_4' title="bbox 150 1701 1547 1791; baseline 0.003 -24"><span class='ocrx_word' id='word_1_33' title='bbox 150 1701 304 1769; x_wconf 82' lang='lat' dir='ltr'><strong>Elmsleio</strong></span> <span class='ocrx_word' id='word_1_34' title='bbox 319 1706 498 1789; x_wconf 87' lang='lat' dir='ltr'><strong>insignitus.</strong></span> <span class='ocrx_word' id='word_1_35' title='bbox 529 1712 627 1791; x_wconf 90' lang='lat' dir='ltr'><strong>atque</strong></span> <span class='ocrx_word' id='word_1_36' title='bbox 642 1705 680 1769; x_wconf 85' lang='lat' dir='ltr'><strong>F.</strong></span> <span class='ocrx_word' id='word_1_37' title='bbox 697 1702 738 1768; x_wconf 76' lang='lat' dir='ltr'><strong>G.</strong></span> <span class='ocrx_word' id='word_1_38' title='bbox 756 1702 1022 1768; x_wconf 82' lang='lat' dir='ltr'><strong>Schneidewinus</strong></span> <span class='ocrx_word' id='word_1_39' title='bbox 1038 1704 1169 1789; x_wconf 90' lang='lat' dir='ltr'><strong>quidem</strong></span> <span class='ocrx_word' id='word_1_40' title='bbox 1183 1706 1316 1790; x_wconf 88' lang='lat' dir='ltr'><strong>primus,</strong></span> <span class='ocrx_word' id='word_1_41' title='bbox 1337 1706 1398 1770; x_wconf 90' lang='lat' dir='ltr'><strong>nisi</strong></span> <span class='ocrx_word' id='word_1_42' title='bbox 1418 1706 1547 1791; x_wconf 82' lang='lat' dir='ltr'><strong>egregie</strong></span> 
     </span>
     <span class='ocr_line' id='line_1_5' title="bbox 150 1807 1547 1895; baseline 0.003 -24"><span class='ocrx_word' id='word_1_43' title='bbox 150 1807 254 1891; x_wconf 91' lang='lat' dir='ltr'><strong>fallor,</strong></span> <span class='ocrx_word' id='word_1_44' title='bbox 274 1810 361 1874; x_wconf 92' lang='lat' dir='ltr'><strong>hunc</strong></span> <span class='ocrx_word' id='word_1_45' title='bbox 380 1809 499 1874; x_wconf 92' lang='lat' dir='ltr'><strong>librum</strong></span> <span class='ocrx_word' id='word_1_46' title='bbox 519 1832 563 1874; x_wconf 84' lang='lat' dir='ltr'><strong>ex</strong></span> <span class='ocrx_word' id='word_1_47' title='bbox 582 1810 803 1894; x_wconf 89' lang='lat' dir='ltr'><strong>antiquissimo</strong></span> <span class='ocrx_word' id='word_1_48' title='bbox 825 1808 994 1895; x_wconf 84' lang='lat' dir='ltr'><strong>Sophoclis</strong></span> <span class='ocrx_word' id='word_1_49' title='bbox 1015 1809 1127 1874; x_wconf 88' lang='lat' dir='ltr'><strong>codice</strong></span> <span class='ocrx_word' id='word_1_50' title='bbox 1147 1811 1218 1895; x_wconf 92' lang='lat' dir='ltr'><strong>ipso</strong></span> <span class='ocrx_word' id='word_1_51' title='bbox 1238 1809 1345 1875; x_wconf 90' lang='lat' dir='ltr'><strong>littera</strong></span> <span class='ocrx_word' id='word_1_52' title='bbox 1364 1809 1413 1873; x_wconf 88' lang='lat' dir='ltr'><strong>La</strong></span> <span class='ocrx_word' id='word_1_53' title='bbox 1428 1832 1449 1875; x_wconf 89' lang='lat' dir='ltr'><strong>a</strong></span> <span class='ocrx_word' id='word_1_54' title='bbox 1468 1811 1547 1875; x_wconf 90' lang='lat' dir='ltr'><strong>viris</strong></span> 
     </span>
     <span class='ocr_line' id='line_1_6' title="bbox 151 1912 1546 2000; baseline 0.001 -23"><span class='ocrx_word' id='word_1_55' title='bbox 151 1913 254 1978; x_wconf 90' lang='lat' dir='ltr'><strong>doctis</strong></span> <span class='ocrx_word' id='word_1_56' title='bbox 270 1915 451 1998; x_wconf 88' lang='lat' dir='ltr'><strong>significato</strong></span> <span class='ocrx_word' id='word_1_57' title='bbox 466 1913 666 2000; x_wconf 89' lang='lat' dir='ltr'><strong>descriptum</strong></span> <span class='ocrx_word' id='word_1_58' title='bbox 682 1934 752 1977; x_wconf 91' lang='lat' dir='ltr'><strong>esse</strong></span> <span class='ocrx_word' id='word_1_59' title='bbox 768 1913 935 1979; x_wconf 82' lang='lat' dir='ltr'><strong>contendit</strong></span> <span class='ocrx_word' id='word_1_60' title='bbox 948 1912 1030 1979; x_wconf 92' lang='lat' dir='ltr'><strong>Phil.</strong></span> <span class='ocrx_word' id='word_1_61' title='bbox 1044 1912 1128 1979; x_wconf 91' lang='lat' dir='ltr'>VIII</span> <span class='ocrx_word' id='word_1_62' title='bbox 1142 1914 1216 1979; x_wconf 79' lang='lat'>551.</span> <span class='ocrx_word' id='word_1_63' title='bbox 1246 1937 1331 1979; x_wconf 91' lang='lat' dir='ltr'><strong>anno</strong></span> <span class='ocrx_word' id='word_1_64' title='bbox 1353 1924 1462 1979; x_wconf 88' lang='lat' dir='ltr'><strong>autem</strong></span> <span class='ocrx_word' id='word_1_65' title='bbox 1477 1913 1508 1979; x_wconf 94' lang='lat' dir='ltr'><strong>h.</strong></span> <span class='ocrx_word' id='word_1_66' title='bbox 1523 1938 1546 1979; x_wconf 91' lang='lat' dir='ltr'><strong>s.</strong></span> 
     </span>
     <span class='ocr_line' id='line_1_7' title="bbox 151 2016 1547 2105; baseline 0.002 -25"><span class='ocrx_word' id='word_1_67' title='bbox 151 2020 354 2103; x_wconf 83' lang='lat' dir='ltr'><strong>sexagesimo</strong></span> <span class='ocrx_word' id='word_1_68' title='bbox 370 2018 570 2099; x_wconf 81' lang='lat' dir='ltr'><strong>Dindorfius,</strong></span> <span class='ocrx_word' id='word_1_69' title='bbox 591 2040 666 2083; x_wconf 92' lang='lat' dir='ltr'><strong>cum</strong></span> <span class='ocrx_word' id='word_1_70' title='bbox 685 2017 805 2082; x_wconf 91' lang='lat' dir='ltr'><strong>codicis</strong></span> <span class='ocrx_word' id='word_1_71' title='bbox 822 2017 870 2081; x_wconf 85' lang='lat' dir='ltr'><strong>La</strong></span> <span class='ocrx_word' id='word_1_72' title='bbox 891 2016 1059 2083; x_wconf 82' lang='lat' dir='ltr'><strong>collatIone</strong></span> <span class='ocrx_word' id='word_1_73' title='bbox 1078 2040 1155 2083; x_wconf 91' lang='lat' dir='ltr'><strong>usus</strong></span> <span class='ocrx_word' id='word_1_74' title='bbox 1175 2027 1339 2102; x_wconf 89' lang='lat' dir='ltr'><strong>accurata,</strong></span> <span class='ocrx_word' id='word_1_75' title='bbox 1361 2041 1460 2105; x_wconf 89' lang='lat' dir='ltr'><strong>quam</strong></span> <span class='ocrx_word' id='word_1_76' title='bbox 1475 2041 1547 2084; x_wconf 90' lang='lat' dir='ltr'><strong>con-</strong></span> 
     </span>
     <span class='ocr_line' id='line_1_8' title="bbox 151 2122 1548 2210; baseline 0.001 -25"><span class='ocrx_word' id='word_1_77' title='bbox 151 2122 273 2187; x_wconf 89' lang='lat' dir='ltr'><strong>fecerat</strong></span> <span class='ocrx_word' id='word_1_78' title='bbox 280 2123 335 2186; x_wconf 84' lang='lat' dir='ltr'><strong>Fr.</strong></span> <span class='ocrx_word' id='word_1_79' title='bbox 348 2122 554 2208; x_wconf 89' lang='lat' dir='ltr'><strong>Duebnerus,</strong></span> <span class='ocrx_word' id='word_1_80' title='bbox 567 2122 736 2208; x_wconf 84' lang='lat' dir='ltr'><strong>Sophoclis</strong></span> <span class='ocrx_word' id='word_1_81' title='bbox 748 2122 875 2189; x_wconf 89' lang='lat' dir='ltr'><strong>fabulas</strong></span> <span class='ocrx_word' id='word_1_82' title='bbox 892 2122 1011 2189; x_wconf 84' lang='lat' dir='ltr'><strong>Oxonii</strong></span> <span class='ocrx_word' id='word_1_83' title='bbox 1026 2125 1157 2188; x_wconf 90' lang='lat' dir='ltr'><strong>tertium</strong></span> <span class='ocrx_word' id='word_1_84' title='bbox 1172 2124 1283 2205; x_wconf 86' lang='lat' dir='ltr'><strong>edidit,</strong></span> <span class='ocrx_word' id='word_1_85' title='bbox 1298 2125 1333 2188; x_wconf 94' lang='lat' dir='ltr'><strong>in</strong></span> <span class='ocrx_word' id='word_1_86' title='bbox 1347 2123 1548 2210; x_wconf 86' lang='lat' dir='ltr'><strong>praefatione</strong></span> 
     </span>
     <span class='ocr_line' id='line_1_9' title="bbox 151 2226 1549 2312; baseline -0.001 -21"><span class='ocrx_word' id='word_1_87' title='bbox 151 2227 288 2292; x_wconf 89' lang='lat' dir='ltr'><strong>eandem</strong></span> <span class='ocrx_word' id='word_1_88' title='bbox 308 2237 405 2312; x_wconf 91' lang='lat' dir='ltr'><strong>atque</strong></span> <span class='ocrx_word' id='word_1_89' title='bbox 426 2227 693 2292; x_wconf 87' lang='lat' dir='ltr'><strong>Schneidewinus</strong></span> <span class='ocrx_word' id='word_1_90' title='bbox 713 2227 754 2292; x_wconf 91' lang='lat' dir='ltr'><strong>de</strong></span> <span class='ocrx_word' id='word_1_91' title='bbox 777 2227 899 2292; x_wconf 90' lang='lat' dir='ltr'><strong>codicis</strong></span> <span class='ocrx_word' id='word_1_92' title='bbox 919 2226 975 2300; x_wconf 75' lang='lat' dir='ltr'><strong>Le,</strong></span> <span class='ocrx_word' id='word_1_93' title='bbox 996 2249 1093 2312; x_wconf 91' lang='lat' dir='ltr'><strong>quem</strong></span> <span class='ocrx_word' id='word_1_94' title='bbox 1112 2228 1283 2293; x_wconf 89' lang='lat' dir='ltr'><strong>brevitatis</strong></span> <span class='ocrx_word' id='word_1_95' title='bbox 1302 2249 1402 2293; x_wconf 90' lang='lat' dir='ltr'><strong>causa</strong></span> <span class='ocrx_word' id='word_1_96' title='bbox 1415 2226 1549 2293; x_wconf 87' lang='lat' dir='ltr'><strong>litteral</strong></span> 
     </span>
     <span class='ocr_line' id='line_1_10' title="bbox 151 2329 1549 2419; baseline 0.001 -23"><span class='ocrx_word' id='word_1_97' title='bbox 151 2330 352 2416; x_wconf 90' lang='lat' dir='ltr'><strong>significabo,</strong></span> <span class='ocrx_word' id='word_1_98' title='bbox 369 2339 480 2395; x_wconf 90' lang='lat' dir='ltr'><strong>contra</strong></span> <span class='ocrx_word' id='word_1_99' title='bbox 495 2330 601 2396; x_wconf 91' lang='lat' dir='ltr'><strong>littera</strong></span> <span class='ocrx_word' id='word_1_100' title='bbox 612 2332 733 2396; x_wconf 89' lang='lat' dir='ltr'><strong>maiore</strong></span> <span class='ocrx_word' id='word_1_101' title='bbox 749 2329 1041 2396; x_wconf 86' lang='lat' dir='ltr'><strong>LLaurentianum</strong></span> <span class='ocrx_word' id='word_1_102' title='bbox 1056 2332 1114 2410; x_wconf 84' lang='lat' dir='ltr'><strong>La,</strong></span> <span class='ocrx_word' id='word_1_103' title='bbox 1131 2332 1254 2415; x_wconf 87' lang='lat' dir='ltr'><strong>origine</strong></span> <span class='ocrx_word' id='word_1_104' title='bbox 1270 2333 1463 2397; x_wconf 86' lang='lat' dir='ltr'><strong>sententiam</strong></span> <span class='ocrx_word' id='word_1_105' title='bbox 1478 2354 1549 2419; x_wconf 91' lang='lat' dir='ltr'><strong>pro·</strong></span> 
     </span>
     <span class='ocr_line' id='line_1_11' title="bbox 152 2434 1549 2503; baseline 0.001 -4"><span class='ocrx_word' id='word_1_106' title='bbox 152 2435 238 2501; x_wconf 89' lang='lat' dir='ltr'><strong>ferre</strong></span> <span class='ocrx_word' id='word_1_107' title='bbox 257 2435 337 2500; x_wconf 91' lang='lat' dir='ltr'><strong>nihil</strong></span> <span class='ocrx_word' id='word_1_108' title='bbox 357 2435 527 2500; x_wconf 90' lang='lat' dir='ltr'><strong>dubitavit.</strong></span> <span class='ocrx_word' id='word_1_109' title='bbox 559 2457 634 2499; x_wconf 93' lang='lat' dir='ltr'><strong>cum</strong></span> <span class='ocrx_word' id='word_1_110' title='bbox 654 2436 793 2500; x_wconf 88' lang='lat' dir='ltr'><strong>enimin</strong></span> <span class='ocrx_word' id='word_1_111' title='bbox 813 2438 1002 2500; x_wconf 90' lang='lat' dir='ltr'><strong>universum</strong></span> <span class='ocrx_word' id='word_1_112' title='bbox 1023 2434 1190 2500; x_wconf 90' lang='lat' dir='ltr'><strong>codicibus</strong></span> <span class='ocrx_word' id='word_1_113' title='bbox 1211 2436 1445 2503; x_wconf 88' lang='lat' dir='ltr'><strong>recentioribus</strong></span> <span class='ocrx_word' id='word_1_114' title='bbox 1465 2437 1498 2501; x_wconf 89' lang='lat' dir='ltr'><strong>in</strong></span> <span class='ocrx_word' id='word_1_115' title='bbox 1514 2460 1549 2501; x_wconf 88' lang='lat' dir='ltr'><strong>re</strong></span> 
     </span>
     <span class='ocr_line' id='line_1_12' title="bbox 153 2538 1549 2625; baseline 0.001 -21"><span class='ocrx_word' id='word_1_116' title='bbox 153 2542 265 2605; x_wconf 91' lang='lat' dir='ltr'><strong>critica</strong></span> <span class='ocrx_word' id='word_1_117' title='bbox 280 2538 459 2605; x_wconf 80' lang='lat' dir='ltr'><strong>factitando</strong></span> <span class='ocrx_word' id='word_1_118' title='bbox 471 2541 645 2625; x_wconf 89' lang='lat' dir='ltr'><strong>quicquam</strong></span> <span class='ocrx_word' id='word_1_119' title='bbox 656 2539 865 2604; x_wconf 91' lang='lat' dir='ltr'><strong>tribuendum</strong></span> <span class='ocrx_word' id='word_1_120' title='bbox 879 2562 949 2605; x_wconf 91' lang='lat' dir='ltr'><strong>esse</strong></span> <span class='ocrx_word' id='word_1_121' title='bbox 962 2549 1105 2624; x_wconf 87' lang='lat' dir='ltr'><strong>negaret,</strong></span> <span class='ocrx_word' id='word_1_122' title='bbox 1118 2548 1227 2605; x_wconf 69' lang='lat' dir='ltr'><strong>tanim</strong></span> <span class='ocrx_word' id='word_1_123' title='bbox 1240 2549 1305 2605; x_wconf 90' lang='lat' dir='ltr'><strong>tres</strong></span> <span class='ocrx_word' id='word_1_124' title='bbox 1317 2539 1410 2605; x_wconf 87' lang='lat' dir='ltr'><strong>huius</strong></span> <span class='ocrx_word' id='word_1_125' title='bbox 1422 2543 1549 2625; x_wconf 89' lang='lat' dir='ltr'><strong>generis</strong></span> 
     </span>
     <span class='ocr_line' id='line_1_13' title="bbox 153 2643 1550 2729; baseline -0.001 -20"><span class='ocrx_word' id='word_1_126' title='bbox 153 2645 283 2709; x_wconf 88' lang='lat' dir='ltr'><strong>codices</strong></span> <span class='ocrx_word' id='word_1_127' title='bbox 298 2665 362 2708; x_wconf 91' lang='lat' dir='ltr'><strong>non</strong></span> <span class='ocrx_word' id='word_1_128' title='bbox 374 2665 506 2729; x_wconf 88' lang='lat' dir='ltr'><strong>prorsus</strong></span> <span class='ocrx_word' id='word_1_129' title='bbox 518 2643 706 2709; x_wconf 90' lang='lat' dir='ltr'><strong>abiciendos</strong></span> <span class='ocrx_word' id='word_1_130' title='bbox 721 2666 792 2708; x_wconf 90' lang='lat' dir='ltr'><strong>esse</strong></span> <span class='ocrx_word' id='word_1_131' title='bbox 805 2646 925 2729; x_wconf 82' lang='lat' dir='ltr'><strong>statuit,</strong></span> <span class='ocrx_word' id='word_1_132' title='bbox 937 2644 1120 2709; x_wconf 91' lang='lat' dir='ltr'><strong>Parisinum</strong></span> <span class='ocrx_word' id='word_1_133' title='bbox 1136 2644 1210 2709; x_wconf 91' lang='lat' dir='ltr'><strong>dico</strong></span> <span class='ocrx_word' id='word_1_134' title='bbox 1225 2644 1313 2708; x_wconf 78' lang='grc'><strong>2712</strong></span> <span class='ocrx_word' id='word_1_135' title='bbox 1324 2644 1395 2729; x_wconf 87' lang='lat' dir='ltr'><em>(P),</em></span> <span class='ocrx_word' id='word_1_136' title='bbox 1408 2645 1550 2709; x_wconf 90' lang='lat' dir='ltr'><strong>Lauren·</strong></span> 
     </span>
     <span class='ocr_line' id='line_1_14' title="bbox 152 2747 1551 2833; baseline 0 -20"><span class='ocrx_word' id='word_1_137' title='bbox 152 2750 256 2813; x_wconf 91' lang='lat' dir='ltr'><strong>tiauos</strong></span> <span class='ocrx_word' id='word_1_138' title='bbox 273 2747 335 2812; x_wconf 84' lang='grc'><strong>125</strong></span> <span class='ocrx_word' id='word_1_139' title='bbox 353 2747 412 2833; x_wconf 82' lang='grc' dir='ltr'><strong>(Γ)</strong></span> <span class='ocrx_word' id='word_1_140' title='bbox 429 2747 497 2812; x_wconf 88' lang='lat' dir='ltr'><strong>etl.</strong></span> <span class='ocrx_word' id='word_1_141' title='bbox 528 2750 592 2812; x_wconf 91' lang='lat' dir='ltr'><strong>iam</strong></span> <span class='ocrx_word' id='word_1_142' title='bbox 608 2757 790 2812; x_wconf 89' lang='lat' dir='ltr'><strong>ceterorum</strong></span> <span class='ocrx_word' id='word_1_143' title='bbox 809 2748 964 2813; x_wconf 90' lang='lat' dir='ltr'><strong>librorum</strong></span> <span class='ocrx_word' id='word_1_144' title='bbox 986 2770 1061 2813; x_wconf 92' lang='lat' dir='ltr'><strong>cum</strong></span> <span class='ocrx_word' id='word_1_145' title='bbox 1081 2750 1144 2815; x_wconf 88' lang='lat' dir='ltr'><strong>hoc</strong></span> <span class='ocrx_word' id='word_1_146' title='bbox 1163 2749 1234 2814; x_wconf 92' lang='lat' dir='ltr'><strong>loco</strong></span> <span class='ocrx_word' id='word_1_147' title='bbox 1255 2750 1413 2814; x_wconf 88' lang='lat' dir='ltr'><strong>rationem</strong></span> <span class='ocrx_word' id='word_1_148' title='bbox 1428 2749 1551 2814; x_wconf 87' lang='lat' dir='ltr'><strong>habere</strong></span> 
     </span>
     <span class='ocr_line' id='line_1_15' title="bbox 153 2851 1550 2938; baseline -0.001 -20"><span class='ocrx_word' id='word_1_149' title='bbox 153 2876 218 2918; x_wconf 91' lang='lat' dir='ltr'><strong>non</strong></span> <span class='ocrx_word' id='word_1_150' title='bbox 237 2853 345 2934; x_wconf 91' lang='lat' dir='ltr'><strong>liceat,</strong></span> <span class='ocrx_word' id='word_1_151' title='bbox 362 2874 401 2915; x_wconf 91' lang='lat' dir='ltr'><strong>ea</strong></span> <span class='ocrx_word' id='word_1_152' title='bbox 423 2851 545 2915; x_wconf 91' lang='lat' dir='ltr'><strong>referre</strong></span> <span class='ocrx_word' id='word_1_153' title='bbox 568 2854 645 2915; x_wconf 87' lang='lat' dir='ltr'><strong>satis</strong></span> <span class='ocrx_word' id='word_1_154' title='bbox 669 2853 738 2934; x_wconf 88' lang='lat' dir='ltr'><strong>erit,</strong></span> <span class='ocrx_word' id='word_1_155' title='bbox 762 2873 846 2937; x_wconf 88' lang='lat' dir='ltr'><strong>quae</strong></span> <span class='ocrx_word' id='word_1_156' title='bbox 867 2852 1056 2917; x_wconf 87' lang='lat' dir='ltr'><strong>Diudorfius</strong></span> <span class='ocrx_word' id='word_1_157' title='bbox 1077 2852 1118 2917; x_wconf 91' lang='lat' dir='ltr'><strong>de</strong></span> <span class='ocrx_word' id='word_1_158' title='bbox 1139 2852 1249 2918; x_wconf 90' lang='lat' dir='ltr'><strong>codice</strong></span> <span class='ocrx_word' id='word_1_159' title='bbox 1266 2852 1277 2916; x_wconf 85' lang='lat' dir='ltr'><strong>l</strong></span> <span class='ocrx_word' id='word_1_160' title='bbox 1293 2853 1480 2938; x_wconf 88' lang='lat' dir='ltr'><strong>disputavit.</strong></span> <span class='ocrx_word' id='word_1_161' title='bbox 1511 2874 1550 2917; x_wconf 88' lang='lat' dir='ltr'><strong>ac</strong></span> 
     </span>
     <span class='ocr_line' id='line_1_16' title="bbox 154 2955 1551 3045; baseline -0.001 -22"><span class='ocrx_word' id='word_1_162' title='bbox 154 2960 294 3045; x_wconf 93' lang='lat' dir='ltr'><strong>primum</strong></span> <span class='ocrx_word' id='word_1_163' title='bbox 310 2956 441 3042; x_wconf 88' lang='lat' dir='ltr'><strong>quidem</strong></span> <span class='ocrx_word' id='word_1_164' title='bbox 456 2955 518 3019; x_wconf 89' lang='lat' dir='ltr'><strong>vol.</strong></span> <span class='ocrx_word' id='word_1_165' title='bbox 531 2955 557 3038; x_wconf 88' lang='lat' dir='ltr'><strong>I,</strong></span> <span class='ocrx_word' id='word_1_166' title='bbox 573 2977 605 3040; x_wconf 91' lang='lat' dir='ltr'><strong>p.</strong></span> <span class='ocrx_word' id='word_1_167' title='bbox 619 2956 685 3021; x_wconf 90' lang='lat' dir='ltr'><strong>VH</strong></span> <span class='ocrx_word' id='word_1_168' title='bbox 699 2956 795 3021; x_wconf 92' lang='lat' dir='ltr'><strong>huius</strong></span> <span class='ocrx_word' id='word_1_169' title='bbox 816 2956 904 3020; x_wconf 91' lang='lat' dir='ltr'><strong>modi</strong></span> <span class='ocrx_word' id='word_1_170' title='bbox 924 2957 1026 3022; x_wconf 86' lang='lat' dir='ltr'><strong>verba</strong></span> <span class='ocrx_word' id='word_1_171' title='bbox 1045 2957 1139 3023; x_wconf 90' lang='lat' dir='ltr'><strong>fecit:</strong></span> <span class='ocrx_word' id='word_1_172' title='bbox 1163 2960 1237 3041; x_wconf 82' lang='lat' dir='ltr'><strong>‘ego</strong></span> <span class='ocrx_word' id='word_1_173' title='bbox 1255 2958 1351 3022; x_wconf 91' lang='lat' dir='ltr'><strong>huius</strong></span> <span class='ocrx_word' id='word_1_174' title='bbox 1371 2958 1551 3043; x_wconf 82' lang='lat' dir='ltr'><strong>apographi</strong></span> 
     </span>
     <span class='ocr_line' id='line_1_17' title="bbox 154 3059 1550 3149; baseline 0.001 -24"><span class='ocrx_word' id='word_1_175' title='bbox 154 3061 301 3149; x_wconf 92' lang='lat' dir='ltr'><strong>pluribus</strong></span> <span class='ocrx_word' id='word_1_176' title='bbox 324 3063 359 3125; x_wconf 92' lang='lat' dir='ltr'><strong>in</strong></span> <span class='ocrx_word' id='word_1_177' title='bbox 380 3060 459 3125; x_wconf 92' lang='lat' dir='ltr'><strong>locis</strong></span> <span class='ocrx_word' id='word_1_178' title='bbox 482 3060 677 3125; x_wconf 87' lang='lat' dir='ltr'><strong>mentionem</strong></span> <span class='ocrx_word' id='word_1_179' title='bbox 700 3059 774 3144; x_wconf 90' lang='lat' dir='ltr'><strong>feci,</strong></span> <span class='ocrx_word' id='word_1_180' title='bbox 799 3063 875 3145; x_wconf 88' lang='lat' dir='ltr'><strong>quia</strong></span> <span class='ocrx_word' id='word_1_181' title='bbox 897 3083 940 3125; x_wconf 86' lang='lat' dir='ltr'><strong>ex</strong></span> <span class='ocrx_word' id='word_1_182' title='bbox 960 3063 1030 3148; x_wconf 89' lang='lat' dir='ltr'><strong>ipso</strong></span> <span class='ocrx_word' id='word_1_183' title='bbox 1052 3062 1163 3127; x_wconf 88' lang='lat' dir='ltr'><strong>codice</strong></span> <span class='ocrx_word' id='word_1_184' title='bbox 1183 3061 1401 3127; x_wconf 86' lang='lat' dir='ltr'><strong>Laurentiano</strong></span> <span class='ocrx_word' id='word_1_185' title='bbox 1419 3059 1476 3145; x_wconf 88' lang='lat' dir='ltr'><strong>(L)</strong></span> <span class='ocrx_word' id='word_1_186' title='bbox 1498 3062 1550 3126; x_wconf 90' lang='lat' dir='ltr'><strong>de·</strong></span> 
     </span>
     <span class='ocr_line' id='line_1_18' title="bbox 154 3164 1551 3254; baseline -0.001 -23"><span class='ocrx_word' id='word_1_187' title='bbox 154 3170 309 3254; x_wconf 89' lang='lat' dir='ltr'><strong>scriptum</strong></span> <span class='ocrx_word' id='word_1_188' title='bbox 324 3165 454 3230; x_wconf 89' lang='lat' dir='ltr'><strong>videtur</strong></span> <span class='ocrx_word' id='word_1_189' title='bbox 469 3187 508 3230; x_wconf 90' lang='lat' dir='ltr'><strong>ea</strong></span> <span class='ocrx_word' id='word_1_190' title='bbox 522 3174 639 3247; x_wconf 88' lang='lat' dir='ltr'><strong>aetate,</strong></span> <span class='ocrx_word' id='word_1_191' title='bbox 657 3188 721 3251; x_wconf 91' lang='lat' dir='ltr'><strong>qua</strong></span> <span class='ocrx_word' id='word_1_192' title='bbox 735 3165 857 3231; x_wconf 89' lang='lat' dir='ltr'><strong>multae</strong></span> <span class='ocrx_word' id='word_1_193' title='bbox 871 3164 947 3230; x_wconf 92' lang='lat' dir='ltr'><strong>libri</strong></span> <span class='ocrx_word' id='word_1_194' title='bbox 962 3168 1081 3231; x_wconf 91' lang='lat' dir='ltr'><strong>vetusti</strong></span> <span class='ocrx_word' id='word_1_195' title='bbox 1095 3166 1222 3231; x_wconf 83' lang='lat' dir='ltr'><strong>litterae</strong></span> <span class='ocrx_word' id='word_1_196' title='bbox 1237 3166 1363 3231; x_wconf 89' lang='lat' dir='ltr'><strong>facilius</strong></span> <span class='ocrx_word' id='word_1_197' title='bbox 1384 3173 1415 3229; x_wconf 89' lang='lat' dir='ltr'><strong>et</strong></span> <span class='ocrx_word' id='word_1_198' title='bbox 1430 3167 1551 3230; x_wconf 87' lang='lat' dir='ltr'><strong>certius</strong></span> 
     </span>
     <span class='ocr_line' id='line_1_19' title="bbox 154 3270 1550 3359; baseline -0.001 -23"><span class='ocrx_word' id='word_1_199' title='bbox 154 3294 253 3357; x_wconf 90' lang='lat' dir='ltr'><strong>quam</strong></span> <span class='ocrx_word' id='word_1_200' title='bbox 266 3272 362 3337; x_wconf 90' lang='lat' dir='ltr'><strong>hodie</strong></span> <span class='ocrx_word' id='word_1_201' title='bbox 374 3271 439 3357; x_wconf 90' lang='lat' dir='ltr'><strong>legi</strong></span> <span class='ocrx_word' id='word_1_202' title='bbox 450 3271 620 3356; x_wconf 87' lang='lat' dir='ltr'><strong>poterant&#39;.</strong></span> <span class='ocrx_word' id='word_1_203' title='bbox 647 3280 816 3357; x_wconf 89' lang='lat' dir='ltr'><strong>praeterea</strong></span> <span class='ocrx_word' id='word_1_204' title='bbox 833 3270 893 3336; x_wconf 91' lang='lat' dir='ltr'><strong>vol.</strong></span> <span class='ocrx_word' id='word_1_205' title='bbox 906 3271 967 3354; x_wconf 87' lang='lat' dir='ltr'><strong>III,</strong></span> <span class='ocrx_word' id='word_1_206' title='bbox 983 3294 1015 3359; x_wconf 91' lang='lat' dir='ltr'><strong>p.</strong></span> <span class='ocrx_word' id='word_1_207' title='bbox 1027 3272 1079 3336; x_wconf 93' lang='lat' dir='ltr'><strong>III</strong></span> <span class='ocrx_word' id='word_1_208' title='bbox 1093 3272 1213 3354; x_wconf 91' lang='lat' dir='ltr'><strong>verbis,</strong></span> <span class='ocrx_word' id='word_1_209' title='bbox 1229 3292 1313 3358; x_wconf 91' lang='lat' dir='ltr'><strong>quae</strong></span> <span class='ocrx_word' id='word_1_210' title='bbox 1328 3272 1423 3337; x_wconf 91' lang='lat' dir='ltr'><strong>modo</strong></span> <span class='ocrx_word' id='word_1_211' title='bbox 1438 3270 1550 3353; x_wconf 90' lang='lat' dir='ltr'><strong>adtuli,</strong></span> 
     </span>
     <span class='ocr_line' id='line_1_20' title="bbox 153 3376 1550 3464; baseline 0.001 -24"><span class='ocrx_word' id='word_1_212' title='bbox 153 3376 236 3441; x_wconf 92' lang='lat' dir='ltr'><strong>haec</strong></span> <span class='ocrx_word' id='word_1_213' title='bbox 259 3376 391 3442; x_wconf 89' lang='lat' dir='ltr'><strong>adiecit:</strong></span> <span class='ocrx_word' id='word_1_214' title='bbox 409 3381 585 3441; x_wconf 81' lang='lat' dir='ltr'><strong>‘...unum</strong></span> <span class='ocrx_word' id='word_1_215' title='bbox 606 3386 732 3441; x_wconf 90' lang='lat' dir='ltr'><strong>tantum</strong></span> <span class='ocrx_word' id='word_1_216' title='bbox 756 3398 925 3463; x_wconf 89' lang='lat' dir='ltr'><strong>superesse</strong></span> <span class='ocrx_word' id='word_1_217' title='bbox 948 3378 1053 3441; x_wconf 85' lang='lat' dir='ltr'><strong>videri</strong></span> <span class='ocrx_word' id='word_1_218' title='bbox 1075 3376 1297 3464; x_wconf 89' lang='lat' dir='ltr'><strong>apographum</strong></span> <span class='ocrx_word' id='word_1_219' title='bbox 1318 3376 1374 3462; x_wconf 86' lang='lat' dir='ltr'><strong>(l),</strong></span> <span class='ocrx_word' id='word_1_220' title='bbox 1398 3377 1484 3463; x_wconf 90' lang='lat' dir='ltr'><strong>quod</strong></span> <span class='ocrx_word' id='word_1_221' title='bbox 1508 3376 1550 3441; x_wconf 92' lang='lat' dir='ltr'><strong>ab</strong></span> 
     </span>
     <span class='ocr_line' id='line_1_21' title="bbox 153 3480 1551 3568; baseline -0.001 -23"><span class='ocrx_word' id='word_1_222' title='bbox 153 3480 283 3546; x_wconf 92' lang='lat' dir='ltr'><strong>librario</strong></span> <span class='ocrx_word' id='word_1_223' title='bbox 300 3481 419 3547; x_wconf 90' lang='lat' dir='ltr'><strong>saeculi</strong></span> <span class='ocrx_word' id='word_1_224' title='bbox 436 3484 542 3568; x_wconf 90' lang='lat' dir='ltr'><strong>quarti</strong></span> <span class='ocrx_word' id='word_1_225' title='bbox 559 3482 676 3546; x_wconf 90' lang='lat' dir='ltr'><strong>decimi</strong></span> <span class='ocrx_word' id='word_1_226' title='bbox 689 3504 732 3546; x_wconf 87' lang='lat' dir='ltr'><strong>ex</strong></span> <span class='ocrx_word' id='word_1_227' title='bbox 748 3481 860 3547; x_wconf 87' lang='lat' dir='ltr'><strong>codice</strong></span> <span class='ocrx_word' id='word_1_228' title='bbox 875 3481 1054 3567; x_wconf 88' lang='lat' dir='ltr'><strong>archetypo</strong></span> <span class='ocrx_word' id='word_1_229' title='bbox 1070 3482 1297 3560; x_wconf 88' lang='lat' dir='ltr'><strong>Laurentiano,</strong></span> <span class='ocrx_word' id='word_1_230' title='bbox 1315 3483 1374 3546; x_wconf 90' lang='lat' dir='ltr'><strong>etsi</strong></span> <span class='ocrx_word' id='word_1_231' title='bbox 1390 3482 1551 3566; x_wconf 90' lang='lat' dir='ltr'><strong>scriptura</strong></span> 
     </span>
     <span class='ocr_line' id='line_1_22' title="bbox 152 3566 1551 3673; baseline -0.004 -21"><span class='ocrx_word' id='word_1_232' title='bbox 152 3588 274 3673; x_wconf 89' lang='lat' dir='ltr'><strong>passim</strong></span> <span class='ocrx_word' id='word_1_233' title='bbox 291 3595 425 3669; x_wconf 90' lang='lat' dir='ltr'><strong>mutata,</strong></span> <span class='ocrx_word' id='word_1_234' title='bbox 441 3586 641 3671; x_wconf 86' lang='lat' dir='ltr'><strong>descriptum</strong></span> <span class='ocrx_word' id='word_1_235' title='bbox 656 3566 770 3651; x_wconf 89' lang='lat' dir='ltr'><strong>haberi</strong></span> <span class='ocrx_word' id='word_1_236' title='bbox 785 3588 896 3671; x_wconf 84' lang='lat' dir='ltr'><strong>possit,</strong></span> <span class='ocrx_word' id='word_1_237' title='bbox 913 3595 1037 3650; x_wconf 90' lang='lat' dir='ltr'><strong>ceteros</strong></span> <span class='ocrx_word' id='word_1_238' title='bbox 1051 3609 1129 3651; x_wconf 89' lang='lat' dir='ltr'><strong>vero</strong></span> <span class='ocrx_word' id='word_1_239' title='bbox 1148 3586 1276 3651; x_wconf 90' lang='lat' dir='ltr'><strong>codices</strong></span> <span class='ocrx_word' id='word_1_240' title='bbox 1289 3606 1400 3651; x_wconf 91' lang='lat' dir='ltr'><strong>omnes</strong></span> <span class='ocrx_word' id='word_1_241' title='bbox 1413 3608 1456 3651; x_wconf 86' lang='lat' dir='ltr'><strong>ex</strong></span> <span class='ocrx_word' id='word_1_242' title='bbox 1467 3586 1551 3671; x_wconf 93' lang='lat' dir='ltr'><strong>prio-</strong></span> 
     </span>
     <span class='ocr_line' id='line_1_23' title="bbox 153 3690 1551 3780; baseline -0.003 -25"><span class='ocrx_word' id='word_1_243' title='bbox 153 3690 243 3755; x_wconf 83' lang='lat' dir='ltr'><strong>ribus</strong></span> <span class='ocrx_word' id='word_1_244' title='bbox 260 3690 439 3775; x_wconf 89' lang='lat' dir='ltr'><strong>descriptos</strong></span> <span class='ocrx_word' id='word_1_245' title='bbox 456 3712 526 3754; x_wconf 90' lang='lat' dir='ltr'><strong>esse</strong></span> <span class='ocrx_word' id='word_1_246' title='bbox 542 3691 737 3776; x_wconf 86' lang='lat' dir='ltr'><strong>apographis</strong></span> <span class='ocrx_word' id='word_1_247' title='bbox 760 3692 934 3777; x_wconf 88' lang='lat' dir='ltr'><strong>variosque</strong></span> <span class='ocrx_word' id='word_1_248' title='bbox 958 3698 1110 3776; x_wconf 88' lang='lat' dir='ltr'><strong>expertos</strong></span> <span class='ocrx_word' id='word_1_249' title='bbox 1130 3690 1384 3780; x_wconf 90' lang='lat' dir='ltr'><strong>corruptelarum</strong></span> <span class='ocrx_word' id='word_1_250' title='bbox 1408 3698 1441 3753; x_wconf 92' lang='lat' dir='ltr'><strong>et</strong></span> <span class='ocrx_word' id='word_1_251' title='bbox 1454 3690 1551 3752; x_wconf 90' lang='lat' dir='ltr'><strong>inter-</strong></span> 
     </span>
     <span class='ocr_line' id='line_1_24' title="bbox 154 3793 1551 3882; baseline -0.002 -22"><span class='ocrx_word' id='word_1_252' title='bbox 154 3795 352 3881; x_wconf 90' lang='lat' dir='ltr'><strong>polationum</strong></span> <span class='ocrx_word' id='word_1_253' title='bbox 367 3795 508 3879; x_wconf 88' lang='lat' dir='ltr'><strong>gradus’.</strong></span> <span class='ocrx_word' id='word_1_254' title='bbox 536 3795 676 3881; x_wconf 90' lang='lat' dir='ltr'><strong>denique</strong></span> <span class='ocrx_word' id='word_1_255' title='bbox 691 3794 776 3859; x_wconf 90' lang='lat' dir='ltr'><strong>addo</strong></span> <span class='ocrx_word' id='word_1_256' title='bbox 790 3818 809 3859; x_wconf 93' lang='lat' dir='ltr'><strong>a</strong></span> <span class='ocrx_word' id='word_1_257' title='bbox 822 3793 992 3859; x_wconf 89' lang='lat' dir='ltr'><strong>Dindorfio</strong></span> <span class='ocrx_word' id='word_1_258' title='bbox 1005 3796 1223 3882; x_wconf 92' lang='lat' dir='ltr'><strong>compluribus</strong></span> <span class='ocrx_word' id='word_1_259' title='bbox 1238 3794 1316 3859; x_wconf 89' lang='lat' dir='ltr'><strong>locis</strong></span> <span class='ocrx_word' id='word_1_260' title='bbox 1328 3795 1362 3857; x_wconf 94' lang='lat' dir='ltr'><strong>in</strong></span> <span class='ocrx_word' id='word_1_261' title='bbox 1375 3793 1551 3858; x_wconf 89' lang='lat' dir='ltr'><strong>adnotatio-</strong></span> 
     </span>
     <span class='ocr_line' id='line_1_25' title="bbox 155 3896 1551 3985; baseline -0.001 -22"><span class='ocrx_word' id='word_1_262' title='bbox 155 3900 251 3965; x_wconf 91' lang='lat' dir='ltr'><strong>nibus</strong></span> <span class='ocrx_word' id='word_1_263' title='bbox 268 3900 387 3964; x_wconf 88' lang='lat' dir='ltr'><strong>criticis</strong></span> <span class='ocrx_word' id='word_1_264' title='bbox 402 3898 477 3964; x_wconf 93' lang='lat' dir='ltr'><strong>libri</strong></span> <span class='ocrx_word' id='word_1_265' title='bbox 493 3897 504 3961; x_wconf 86' lang='lat' dir='ltr'><strong>l</strong></span> <span class='ocrx_word' id='word_1_266' title='bbox 519 3901 715 3964; x_wconf 90' lang='lat' dir='ltr'><strong>mentionem</strong></span> <span class='ocrx_word' id='word_1_267' title='bbox 731 3921 801 3964; x_wconf 86' lang='lat' dir='ltr'><strong>esse</strong></span> <span class='ocrx_word' id='word_1_268' title='bbox 822 3898 953 3981; x_wconf 87' lang='lat' dir='ltr'><strong>factam,</strong></span> <span class='ocrx_word' id='word_1_269' title='bbox 970 3898 1072 3963; x_wconf 90' lang='lat' dir='ltr'><strong>veluti</strong></span> <span class='ocrx_word' id='word_1_270' title='bbox 1088 3897 1344 3985; x_wconf 77' lang='lat' dir='ltr'><strong>ad00.13921)</strong></span> <span class='ocrx_word' id='word_1_271' title='bbox 1360 3898 1410 3963; x_wconf 94' lang='lat' dir='ltr'><strong>his</strong></span> <span class='ocrx_word' id='word_1_272' title='bbox 1424 3896 1551 3962; x_wconf 85' lang='lat' dir='ltr'><strong>verbis:</strong></span> 
     </span>
     <span class='ocr_line' id='line_1_26' title="bbox 156 4002 1552 4094; baseline -0.001 -25"><span class='ocrx_word' id='word_1_273' title='bbox 156 4005 439 4094; x_wconf 67' lang='lat' dir='ltr'><strong>‘dpssefllpxdqup</strong></span> <span class='ocrx_word' id='word_1_274' title='bbox 455 4006 488 4068; x_wconf 92' lang='lat' dir='ltr'><strong>in</strong></span> <span class='ocrx_word' id='word_1_275' title='bbox 507 4004 613 4085; x_wconf 88' lang='lat' dir='ltr'><strong>litura,</strong></span> <span class='ocrx_word' id='word_1_276' title='bbox 631 4025 713 4089; x_wconf 91' lang='lat' dir='ltr'><strong>quae</strong></span> <span class='ocrx_word' id='word_1_277' title='bbox 734 4004 856 4069; x_wconf 91' lang='lat' dir='ltr'><strong>formae</strong></span> <span class='ocrx_word' id='word_1_278' title='bbox 876 4002 1002 4069; x_wconf 89' lang='lat' dir='ltr'><strong>litterae</strong></span> <span class='ocrx_word' id='word_1_279' title='bbox 1016 4030 1044 4087; x_wconf 73' lang='lat' dir='ltr'><strong>a,</strong></span> <span class='ocrx_word' id='word_1_280' title='bbox 1060 4026 1124 4090; x_wconf 89' lang='lat' dir='ltr'><strong>qua</strong></span> <span class='ocrx_word' id='word_1_281' title='bbox 1139 4003 1289 4069; x_wconf 88' lang='lat' dir='ltr'><strong>librarius</strong></span> <span class='ocrx_word' id='word_1_282' title='bbox 1303 4004 1413 4084; x_wconf 90' lang='lat' dir='ltr'><strong>utitur,</strong></span> <span class='ocrx_word' id='word_1_283' title='bbox 1429 4024 1552 4067; x_wconf 90' lang='lat' dir='ltr'><strong>accom-</strong></span> 
     </span>
     <span class='ocr_line' id='line_1_27' title="bbox 156 4105 1552 4195; baseline -0.001 -23"><span class='ocrx_word' id='word_1_284' title='bbox 156 4109 316 4174; x_wconf 91' lang='lat' dir='ltr'><strong>modatior</strong></span> <span class='ocrx_word' id='word_1_285' title='bbox 336 4118 385 4173; x_wconf 92' lang='lat' dir='ltr'><strong>est</strong></span> <span class='ocrx_word' id='word_1_286' title='bbox 401 4130 498 4195; x_wconf 89' lang='lat' dir='ltr'><strong>quam</strong></span> <span class='ocrx_word' id='word_1_287' title='bbox 513 4133 542 4190; x_wconf 86' lang='grc' dir='ltr'><strong>κ,</strong></span> <span class='ocrx_word' id='word_1_288' title='bbox 563 4110 622 4172; x_wconf 85' lang='lat' dir='ltr'><strong>etsi</strong></span> <span class='ocrx_word' id='word_1_289' title='bbox 637 4108 854 4195; x_wconf 70' lang='grc' dir='ltr'><strong><em>ἐκβεβληκότα</em></strong></span> <span class='ocrx_word' id='word_1_290' title='bbox 869 4110 965 4173; x_wconf 85' lang='lat' dir='ltr'><strong>estin</strong></span> <span class='ocrx_word' id='word_1_291' title='bbox 980 4107 1165 4174; x_wconf 83' lang='lat' dir='ltr'><strong>Florentino</strong></span> <span class='ocrx_word' id='word_1_292' title='bbox 1181 4108 1367 4195; x_wconf 90' lang='lat' dir='ltr'><strong>apographo</strong></span> <span class='ocrx_word' id='word_1_293' title='bbox 1382 4105 1428 4170; x_wconf 77' lang='lat' dir='ltr'><strong>Lo</strong></span> <span class='ocrx_word' id='word_1_294' title='bbox 1444 4126 1488 4171; x_wconf 84' lang='lat' dir='ltr'><strong>ex</strong></span> <span class='ocrx_word' id='word_1_295' title='bbox 1503 4127 1552 4171; x_wconf 92' lang='lat' dir='ltr'><strong>co-</strong></span> 
     </span>
     <span class='ocr_line' id='line_1_28' title="bbox 156 4202 1552 4301; baseline -0.001 -22"><span class='ocrx_word' id='word_1_296' title='bbox 156 4214 228 4279; x_wconf 91' lang='lat' dir='ltr'><strong>dice</strong></span> <span class='ocrx_word' id='word_1_297' title='bbox 244 4216 314 4301; x_wconf 91' lang='lat' dir='ltr'><strong>ipso</strong></span> <span class='ocrx_word' id='word_1_298' title='bbox 330 4213 448 4297; x_wconf 88' lang='lat' dir='ltr'><strong>ducto&#39;,</strong></span> <span class='ocrx_word' id='word_1_299' title='bbox 465 4213 508 4279; x_wconf 89' lang='lat' dir='ltr'><strong>ad</strong></span> <span class='ocrx_word' id='word_1_300' title='bbox 523 4213 562 4277; x_wconf 85' lang='grc' dir='ltr'><strong>Ε.</strong></span> <span class='ocrx_word' id='word_1_301' title='bbox 577 4211 675 4277; x_wconf 82' lang='grc' dir='ltr'><strong>142οε</strong></span> <span class='ocrx_word' id='word_1_302' title='bbox 694 4210 897 4300; x_wconf 58' lang='grc' dir='ltr'><strong><em>(παλίρρυτον</em></strong></span> <span class='ocrx_word' id='word_1_303' title='bbox 911 4212 1048 4279; x_wconf 89' lang='lat' dir='ltr'><strong>Bothius</strong></span> <span class='ocrx_word' id='word_1_304' title='bbox 1063 4235 1123 4300; x_wconf 91' lang='lat' dir='ltr'><strong>pro</strong></span> <span class='ocrx_word' id='word_1_305' title='bbox 1138 4202 1344 4300; x_wconf 60' lang='grc' dir='ltr'><em>πολύρρυτοὼ,</em></span> <span class='ocrx_word' id='word_1_306' title='bbox 1365 4210 1451 4297; x_wconf 91' lang='lat' dir='ltr'><strong>quod</strong></span> <span class='ocrx_word' id='word_1_307' title='bbox 1470 4211 1552 4277; x_wconf 80' lang='grc' dir='ltr'><strong><em>πολ-</em></strong></span> 
     </span>
    </p>
   </div>
   <div class='ocr_carea' id='block_1_3' title="bbox 119 4474 1552 4721">
    <p class='ocr_par' dir='ltr' id='par_1_3' title="bbox 119 4474 1552 4721">
     <span class='ocr_line' id='line_1_29' title="bbox 261 4474 1552 4543; baseline -0.004 -15"><span class='ocrx_word' id='word_1_308' title='bbox 261 4477 281 4543; x_wconf 75' lang='lat'><strong>¹)</strong></span> <span class='ocrx_word' id='word_1_309' title='bbox 294 4478 334 4529; x_wconf 91' lang='lat' dir='ltr'><strong>Ut</strong></span> <span class='ocrx_word' id='word_1_310' title='bbox 345 4478 470 4527; x_wconf 77' lang='lat' dir='ltr'><strong>brevitati</strong></span> <span class='ocrx_word' id='word_1_311' title='bbox 482 4475 659 4538; x_wconf 88' lang='lat' dir='ltr'><strong>consulerem,</strong></span> <span class='ocrx_word' id='word_1_312' title='bbox 671 4475 786 4539; x_wconf 86' lang='lat' dir='ltr'><strong>fabulas,</strong></span> <span class='ocrx_word' id='word_1_313' title='bbox 799 4490 869 4541; x_wconf 83' lang='lat' dir='ltr'><strong>quae</strong></span> <span class='ocrx_word' id='word_1_314' title='bbox 881 4478 1003 4543; x_wconf 82' lang='lat' dir='ltr'><strong>integrae</strong></span> <span class='ocrx_word' id='word_1_315' title='bbox 1015 4474 1050 4526; x_wconf 83' lang='lat' dir='ltr'><strong>ad</strong></span> <span class='ocrx_word' id='word_1_316' title='bbox 1062 4479 1180 4525; x_wconf 69' lang='lat' dir='ltr'><strong>cosmam</strong></span> <span class='ocrx_word' id='word_1_317' title='bbox 1193 4476 1350 4526; x_wconf 81' lang='lat' dir='ltr'><strong>memoriam</strong></span> <span class='ocrx_word' id='word_1_318' title='bbox 1362 4478 1552 4541; x_wconf 81' lang='lat' dir='ltr'><strong>pervenerunt,</strong></span> 
     </span>
     <span class='ocr_line' id='line_1_30' title="bbox 119 4559 1551 4632; baseline -0.003 -17"><span class='ocrx_word' id='word_1_319' title='bbox 119 4612 124 4623; x_wconf 81' lang='grc'><strong>,</strong></span> <span class='ocrx_word' id='word_1_320' title='bbox 155 4566 198 4615; x_wconf 91' lang='lat' dir='ltr'><strong>his</strong></span> <span class='ocrx_word' id='word_1_321' title='bbox 210 4565 285 4632; x_wconf 84' lang='lat' dir='ltr'><strong>siglis</strong></span> <span class='ocrx_word' id='word_1_322' title='bbox 297 4564 459 4631; x_wconf 85' lang='lat' dir='ltr'><strong>significari:</strong></span> <span class='ocrx_word' id='word_1_323' title='bbox 476 4562 507 4613; x_wconf 88' lang='grc' dir='ltr'><strong>Δ.</strong></span> <span class='ocrx_word' id='word_1_324' title='bbox 518 4562 618 4629; x_wconf 76' lang='lat' dir='ltr'><strong>(Aiax),</strong></span> <span class='ocrx_word' id='word_1_325' title='bbox 630 4562 662 4613; x_wconf 81' lang='grc' dir='ltr'><strong>Ε.</strong></span> <span class='ocrx_word' id='word_1_326' title='bbox 676 4562 815 4629; x_wconf 82' lang='lat' dir='ltr'><strong>(Electra),</strong></span> <span class='ocrx_word' id='word_1_327' title='bbox 832 4562 888 4613; x_wconf 82' lang='grc' dir='ltr'><strong>ΟΒ.</strong></span> <span class='ocrx_word' id='word_1_328' title='bbox 900 4562 1031 4629; x_wconf 88' lang='lat' dir='ltr'><strong>(Oedipus</strong></span> <span class='ocrx_word' id='word_1_329' title='bbox 1042 4562 1110 4628; x_wconf 88' lang='lat' dir='ltr'><strong>rex),</strong></span> <span class='ocrx_word' id='word_1_330' title='bbox 1127 4561 1183 4613; x_wconf 84' lang='lat' dir='ltr'><strong>OC.</strong></span> <span class='ocrx_word' id='word_1_331' title='bbox 1194 4561 1324 4629; x_wconf 86' lang='lat' dir='ltr'><strong>(Oedipus</strong></span> <span class='ocrx_word' id='word_1_332' title='bbox 1336 4560 1490 4628; x_wconf 84' lang='lat' dir='ltr'><strong>Coloneus),</strong></span> <span class='ocrx_word' id='word_1_333' title='bbox 1501 4559 1551 4611; x_wconf 79' lang='lat' dir='ltr'><strong>An.</strong></span> 
     </span>
     <span class='ocr_line' id='line_1_31' title="bbox 156 4649 810 4721; baseline -0.003 -17"><span class='ocrx_word' id='word_1_334' title='bbox 156 4651 324 4721; x_wconf 78' lang='lat' dir='ltr'><strong>(Antigona),</strong></span> <span class='ocrx_word' id='word_1_335' title='bbox 336 4652 368 4702; x_wconf 88' lang='grc' dir='ltr'><strong>Τ.</strong></span> <span class='ocrx_word' id='word_1_336' title='bbox 378 4650 569 4717; x_wconf 73' lang='lat' dir='ltr'><strong>(Trachinins),</strong></span> <span class='ocrx_word' id='word_1_337' title='bbox 582 4652 612 4702; x_wconf 89' lang='lat' dir='ltr'><strong>P.</strong></span> <span class='ocrx_word' id='word_1_338' title='bbox 626 4649 810 4717; x_wconf 83' lang='lat' dir='ltr'><strong>(Philocteta).</strong></span> 
     </span>
    </p>
   </div>
   <div class='ocr_carea' id='block_1_4' title="bbox 0 0 1629 5092">
    <p class='ocr_par' dir='ltr' id='par_1_4' title="bbox 0 0 1629 5092">
     <span class='ocr_line' id='line_1_32' title="bbox 0 0 1629 5092; baseline 0 0"><span class='ocrx_word' id='word_1_339' title='bbox 0 0 1629 5092; x_wconf 95' lang='lat' dir='ltr'><strong> </strong></span> 
     </span>
    </p>
   </div>
  </div>
 </body>
</html>
