3225 5092
124 195 168 261 56

126 387 283 452 calluerit.
303 397 413 452 tamen
426 387 489 452 duo
502 387 607 452 adfert
620 398 821 471 argumenta,
838 386 957 472 quibus
969 387 1055 451 hanc
1068 388 1260 450 sententiam
1271 385 1404 470 infringi
1415 395 1522 471 putat:

125 493 212 579 quod
235 495 324 578 operi
348 492 400 557 ‘de
421 495 579 556 scaenicis
603 493 789 575 originibus'
816 493 958 576 septiens
980 500 1149 577 praeterea
1171 500 1346 556 memorato
1369 490 1524 554 librorum

126 595 247 681 ubique
264 598 402 682 aprime
419 596 460 661 ad
477 599 606 661 tertium
622 618 774 661 numerus
791 596 983 681 adponatur,
1005 595 1039 658 id
1060 594 1146 679 quod
1158 597 1191 658 in
1208 595 1339 677 Scauro,
1359 603 1470 680 utpote
1490 597 1523 657 in

125 700 322 784 logistorico,
343 722 502 791 nusquam
523 701 644 765 factum
665 701 719 777 sit,
746 710 778 764 et
803 699 888 786 quod
911 698 1116 781 Censorinus,
1136 698 1392 783 logistoricorum
1411 697 1525 762 fidissi-

125 827 198 869 mus
214 807 298 868 inter
314 804 700 890 omnesnomenclator,1)
717 804 799 868 haec
815 803 972 890 praebeat
987 826 1014 869 e.
1031 803 1084 866 171
1106 803 1220 868 ‘Varro
1237 803 1278 868 de
1294 806 1451 868 scaenicis
1467 806 1524 865 611-

125 909 255 994 ginibus
271 908 353 974 libro
374 909 498 993 primo',
519 909 599 973 nihil
619 909 744 973 addens
767 910 808 972 de
826 909 980 974 ‘Scaurd
1016 909 1131 973 horum
1152 918 1415 992 argumentorum
1436 911 1525 994 prius

125 1012 205 1078 nihil
220 1013 329 1076 valere
346 1013 425 1078 mihi
441 1013 581 1097 videtur,
603 1036 678 1077 eum
693 1014 765 1095 loci,
787 1013 905 1099 quibus
921 1012 1054 1077 ‘Scauri
1071 1015 1236 1098 inscriptio
1256 1012 1324 1078 sola
1340 1016 1408 1077 sine
1424 1014 1526 1078 altera

125 1119 296 1200 indicatur,
314 1139 450 1203 quorum
462 1139 633 1182 numerum
645 1119 771 1182 Riesius
783 1121 923 1198 reticuit,
939 1126 1004 1183 tres
1017 1127 1143 1182 tantum
1156 1120 1228 1198 sint,
1241 1116 1366 1182 Charis.
1379 1141 1410 1202 p.
1425 1119 1477 1200 77,
1490 1119 1524 1201 9,

127 1222 178 1304 88,
193 1223 226 1303 2,
251 1222 323 1302 106,
336 1223 378 1287 30
390 1222 514 1308 (Κ611.),
532 1231 564 1286 61
579 1222 675 1286 facile
694 1222 901 1307 intellegatur
915 1221 1047 1306 longum
1065 1221 1163 1286 fuisse
1183 1231 1258 1286 ante
1269 1221 1343 1287 libri
1354 1244 1525 1287 numerum

126 1325 288 1413 duplicem
316 1327 421 1411 operis
448 1329 688 1411 inscriptionem
716 1349 837 1411 ponere
863 1326 1001 1411 ideoque
1033 1327 1205 1411 scriptores
1235 1325 1424 1412 plerumque
1451 1349 1526 1390 eum

125 1429 265 1514 titulum,
288 1453 351 1516 quo
367 1431 461 1496 simul
476 1440 703 1515 argumentum
720 1429 974 1515 significabatur,
997 1430 1198 1516 praetulisse,
1218 1440 1330 1495 contra
1350 1432 1375 1494 si
1396 1431 1525 1516 quando

127 1533 264 1598 ‘Scauri’
278 1537 484 1620 inscriptione
497 1534 680 1617 utebantur,
694 1535 780 1599 hune
793 1535 905 1616 solum,
919 1544 954 1599 ut
965 1534 1104 1616 videtur,
1117 1534 1335 1618 logistoricum
1343 1535 1526 1620 complures

126 1639 226 1717 libros
247 1642 411 1705 continere
432 1639 548 1704 oblitos
568 1662 648 1704 esse.
680 1639 780 1726 pluris
801 1641 939 1705 alterum
954 1640 1053 1704 Riesii
1069 1650 1295 1724 argumentum
1318 1649 1403 1703 esset
1418 1641 1525 1703 existi-

125 1743 290 1826 mandum,
308 1747 334 1809 si
350 1744 545 1810 Censorinus
562 1747 631 1830 ipse
647 1745 802 1809 Varronis
818 1744 917 1810 libros
934 1745 1268 1830 excerpsisset„quod
1285 1767 1377 1808 secus
1396 1754 1460 1826 est,
1484 1745 1524 1807 61.

126 1848 231 1912 Iahnii
247 1849 323 1913 edit.
337 1872 367 1934 p.
381 1849 490 1914 VIIII.
526 1851 623 1914 immo
639 1848 835 1914 Censorinus
852 1871 905 1912 eos
926 1851 970 1913 ita
988 1850 1259 1931 commemoravit,
1280 1857 1316 1912 ut
1331 1848 1374 1912 ab
1390 1849 1525 1913 auctori-

126 1953 188 2020 bus
204 1955 279 2027 suis‚
301 1955 356 2039 qui
377 1962 409 2016 et
423 1953 486 2036 ipsi
502 1954 600 2016 variis
621 1952 764 2016 fontibus
786 1955 835 2016 usi
855 1961 957 2036 erant,
978 1963 1244 2017 commemoratos
1259 1955 1438 2017 invenerat.
1470 1954 1526 2016 ita·

131 2079 193 2143 que
209 2066 258 2120 ter
273 2056 348 2122 libri
359 2057 553 2122 Varroniani
569 2059 811 2142 inscriptionem
827 2066 980 2121 accurate
996 2056 1119 2120 rettulit
1130 2057 1274 2143 (praeter
1288 2055 1375 2121 locos
1387 2080 1407 2119 a
1418 2056 1526 2119 Riesio

128 2160 287 2224 indicatos
304 2163 401 2226 etiam
423 2184 450 2225 c.
467 2160 514 2238 17,
530 2185 553 2225 s.
570 2161 634 2247 15),
652 2163 784 2247 saepius
801 2170 920 2244 6111616,
936 2163 1020 2225 utin
1036 2162 1180 2226 eiusdem
1199 2162 1290 2238 617,
1308 2161 1350 2225 ad
1368 2161 1454 2247 quod
1469 2183 1527 2224 nos

131 2266 262 2329 Riesius
283 2275 424 2349 revocat,
447 2289 471 2328 s.
485 2264 515 2347 6,
532 2265 689 2329 Varronis
704 2274 831 2329 tantum
850 2288 967 2330 nomen
987 2268 1104 2351 posuit.
1136 2265 1214 2351 quid
1234 2267 1333 2349 igitur
1351 2268 1481 2348 mirum,
1503 2268 1528 2328 si

129 2369 228 2434 semel
248 2372 280 2434 in
302 2369 403 2432 altera
421 2367 522 2434 libelli
541 2368 675 2454 parte,²l
695 2372 716 2436 i.
731 2389 756 2432 e.
771 2380 844 2455 post
861 2393 887 2433 e.
908 2371 962 2455 16,
983 2392 1047 2434 666
1066 2370 1197 2455 plenam
1217 2369 1393 2453 logistorici
1410 2370 1526 2434 Varro-

127 2476 215 2538 niani
241 2471 374 2537 exhibet
397 2473 656 2557 inscriptionem,
685 2495 759 2536 eum
786 2475 819 2536 in
842 2475 949 2558 priore
976 2488 1068 2559 parte
1092 2473 1154 2538 alio
1177 2475 1265 2538 fonte
1287 2496 1365 2538 usus
1388 2474 1524 2539 duorum

126 2577 384 2660 logistoricorum
413 2578 525 2663 plenos
553 2577 676 2642 indices
698 2577 953 2662 significaverit?
988 2600 1092 2663 neque
1116 2580 1150 2643 in
1172 2601 1210 2643 eo
1233 2578 1433 2643 haerendum
1457 2602 1526 2643 esse

127 2682 265 2766 videtur,
283 2683 369 2768 quod
387 2685 485 2748 ceteri
500 2685 684 2767 logistorici,
703 2682 788 2768 quod
804 2685 953 2765 sciamus,
971 2686 1129 2761 μονόβιβλοι
1143 2694 1245 2766 61661,
1262 2706 1342 2770 opus
1354 2694 1463 2750 autem
1476 2686 1525 2749 ‘de

131 2788 288 2850 scaenicis
305 2787 491 2871 originibus’
509 2797 573 2852 tres
591 2788 704 2851 saltem
720 2787 819 2852 libros
836 2789 1041 2872 complexum
1058 2798 1119 2870 661,
1137 2789 1177 2852 61.
1192 2789 1404 2854 Ritschelium
1416 2813 1525 2875 opusc.

127 2890 188 2972 ΠΙ,
200 2914 231 2975 p.
246 2891 324 2973 411,
341 2891 413 2955 456.
454 2901 541 2956 66116
565 2892 653 2956 hunc
673 2913 773 2955 unum
793 2890 1011 2975 logistoricum
1030 2895 1199 2970 πολύβιβλον
1219 2894 1316 2957 1111666
1340 2894 1438 2958 etiam
1459 2896 1525 2958 sine

132 2994 281 3080 exemplo
302 2995 436 3059 credere
457 2994 611 3080 quamde
629 3018 707 3058 66611
722 2997 831 3058 666616
852 3017 914 3080 quo
932 3000 1075 3080 cogitare
1091 2998 1211 3080 malim,
1231 3020 1290 3082 per
1310 3019 1407 3082 quem
1427 2998 1527 3063 verba

129 3099 191 3162 ‘vel
217 3100 250 3162 in
275 3099 407 3164 Scauro'
436 3101 469 3162 in
496 3099 582 3163 hune
608 3091 716 3163 1661161
743 3101 940 3184 irrepserint,
967 3103 1158 3186 praesertim
1186 3122 1260 3165 eum
1286 3103 1383 3166 etiam
1410 3105 1527 3167 satirae

127 3201 321 3288 Menippeae
334 3205 505 3278 notabilior
517 3205 648 3268 unicum
661 3203 846 3288 exemplum
864 3203 1033 3288 ‘Periplus’
1050 3207 1101 3288 sit,
1119 3208 1208 3270 cuius
1221 3206 1301 3269 duos
1317 3206 1416 3269 fuisse
1428 3206 1526 3272 libros

127 3329 144 3368 e
159 3306 264 3370 Nonio
281 3331 311 3392 p.
329 3308 403 3388 171,
423 3308 498 3390 192,
515 3307 578 3371 316
594 3310 759 3388 6611116116,
779 3309 818 3372 ef.
832 3308 1044 3373 Ritschelium
1060 3332 1171 3394 opusc.
1185 3309 1245 3390 ΙΠ,
1259 3332 1290 3394 p.
1303 3310 1377 3373 412.

230 3411 343 3496 Itaque
359 3434 422 3476 non
439 3411 561 3493 dubito,
584 3415 662 3499 quin
678 3413 781 3477 Varro
802 3415 836 3477 in
856 3413 1040 3496 logistorico
1058 3414 1209 3478 ‘Scaurus
1231 3413 1272 3477 de
1292 3417 1449 3478 scaenicis
1470 3417 1525 3478 ori-

127 3513 266 3596 ginibus’
283 3517 436 3602 inscripto
453 3539 469 3580 e
481 3517 603 3600 Nigidii
616 3517 763 3603 Sphaera
778 3516 952 3582 barbarica
965 3517 1126 3604 quaedam
1138 3519 1316 3603 protulerit,
1333 3520 1418 3581 sicut
1430 3521 1525 3582 etiam

128 3619 160 3681 in
181 3620 284 3704 primo
300 3620 553 3685 Hebdomadum
574 3623 641 3684 sive
661 3621 846 3704 Imaginum
866 3622 947 3686 libro
968 3622 1009 3685 ad
1025 3622 1192 3705 Nigidium
1212 3645 1286 3686 eum
1306 3625 1489 3706 respexisse
1508 3644 1524 3684 e

128 3721 231 3787 Gellio
253 3723 313 3806 ΙΙΙ,
333 3724 373 3788 10
394 3727 616 3809 comperimus.
652 3726 851 3809 logistoricos
876 3735 984 3789 autem
1009 3725 1077 3790 1616
1098 3748 1209 3790 661666
1230 3728 1316 3789 61166
1337 3724 1435 3790 finem
1451 3726 1522 3789 VII.

127 3815 316 3912 initiumque
333 3828 425 3892 VIII.
443 3829 533 3892 urbis
555 3828 674 3893 saeculi
696 3830 889 3914 compositos
909 3851 979 3892 esse
1000 3830 1195 3894 Ritschelius
1215 3829 1362 3914 inprimis
1384 3852 1524 3915 compro-

127 3932 219 3996 bavit
232 3931 356 4017 (opuse.
370 3932 430 4014 ΙΙΙ,
442 3954 473 4017 p.
487 3931 580 4018 416);
599 3932 777 3997 ‘Scaurum'
791 3955 886 4019 porro
903 3955 965 3996 non
981 3933 1081 3997 multo
1097 3943 1170 4018 post
1183 3934 1298 4000 Scauri
1310 3934 1424 3998 aedilis
1436 3935 1524 3999 ludos

128 4059 156 4100 a.
171 4035 311 4101 LVIHI.
331 4037 432 4102 editos
453 4037 558 4102 Varro
583 4039 749 4121 scripsisse
772 4036 936 4123 putandus
961 4046 1016 4101 est.
1046 4040 1078 4100 in
1099 4059 1161 4121 quo
1181 4037 1365 4121 logistorico
1389 4040 1524 4104 conscri-

129 4140 237 4205 bendo
254 4142 283 4203 ei
297 4143 363 4205 iam
378 4141 500 4224 Nigidii
516 4163 597 4226 opus
613 4145 862 4206 astronomicum
878 4150 1007 4226 praesto
1022 4141 1121 4205 fuisse
1138 4143 1287 4206 vidimus.

233 4317 252 4380 1)
266 4316 394 4366 Conferre
411 4332 460 4366 666
476 4316 552 4366 iubet
563 4317 669 4366 Riesius
683 4315 822 4366 Censorini
842 4318 907 4366 621
926 4315 1015 4379 libro,
1034 4319 1078 4366 cui
1094 4317 1189 4366 titulus
1206 4323 1247 4367 661
1259 4317 1365 4367 Atticus
1387 4324 1416 4367 et
1434 4323 1474 4367 est
1491 4317 1521 4365 de

130 4404 271 4468 numeris'3
285 4419 306 4453 6.
319 4405 355 4452 9.,
370 4403 454 4467 ι111116,
468 4405 514 4469 qui
526 4409 637 4454 vocatur
650 4404 756 4453 Tubero
771 4409 798 4453 et
810 4405 883 4453 intus
895 4404 1071 4453 subscribitur
1083 4404 1124 4454 ‘de
1137 4407 1240 4469 origine
1252 4405 1388 4454 humanat

232 4491 255 4556 2)
267 4491 343 4540 Η666
364 4491 476 4541 16116666
492 4493 614 4556 inprimis
637 4505 669 4540 ex
691 4491 816 4540 Suetonii
836 4497 912 4556 prato
935 4491 977 4540 ‘de
999 4506 1070 4540 anno
1088 4491 1279 4541 Romanorum'
1301 4491 1398 4541 hausta
1417 4497 1470 4554 661,
1490 4491 1520 4539 61.

127 4578 280 4628 Reiffersch.
292 4578 363 4628 Suet.
373 4579 432 4628 rell.
443 4595 467 4643 p.
481 4580 629 4641 177-184,
642 4596 666 4643 p.
677 4579 740 4639 434,
754 4579 913 4627 Wissowam
927 4579 959 4627 de
972 4579 1053 4628 Maer.
1064 4578 1130 4628 font.
1143 4596 1169 4644 p.
1180 4581 1213 4628 22
1227 4594 1284 4644 sqq.
