3225 5092
152 267 194 330 86

151 455 261 520 brium
274 506 280 518 .
295 506 302 518 .
317 505 324 520 .
338 455 480 519 omnium
503 454 587 516 inter
609 450 761 537 aequales
784 450 991 535 reddiderat',
1019 450 1068 527 15,
1088 451 1118 533 3,
1138 451 1161 514 4
1181 456 1327 537 ‘eamque
1341 503 1347 514 .
1363 452 1546 516 ..deforme

152 583 191 625 ac
208 558 426 623 miserandum
442 555 662 642 spectaculum
683 554 898 636 reddidisset',
921 555 970 638 16,
984 555 1014 640 3,
1030 555 1070 618 12
1086 557 1122 618 ‘si
1138 577 1217 640 quos
1234 554 1342 620 hostes
1357 555 1545 638 habuerant,

38 707 39 726 1
152 665 273 730 amicos
287 661 525 728 reddidissent.
552 682 628 726 nam
645 659 912 743 praestantissimi
928 661 1101 744 scriptores
1116 658 1239 724 nullum
1255 660 1343 724 aliud
1359 660 1434 724 huic
1446 661 1546 725 verbo

38 791 39 816 1
152 768 316 854 adponere
336 766 438 831 solent
457 787 574 830 nomen
593 765 654 828 nisi
673 763 881 828 adiectivum.
913 784 1019 849 neque
1035 765 1138 846 magis
1154 765 1294 847 optimae
1310 763 1460 829 latinitati
1477 787 1547 828 con·

38 869 39 880 ’
153 873 242 938 venit
257 871 351 936 huius
367 871 460 934 verbi
475 870 607 954 passiva
623 877 795 949 structura,
812 890 910 953 quam
921 867 1063 932 Iustinus
1080 870 1163 932 sicut
1175 867 1286 932 Celsus
1299 867 1424 932 Seneca
1434 869 1547 933 Florus

38 975 39 1000 ¹
152 977 206 1041 alii
222 978 299 1040 satis
315 976 501 1059 frequenter
516 974 697 1058 usurpavit:
717 972 766 1056 16,
778 974 809 1051 4,
823 972 843 1035 6
856 970 1042 1036 ‘Clearchus
1055 971 1151 1036 exilio
1162 973 1372 1037 facinorosior
1382 974 1546 1051 redditus’,

153 1079 204 1157 22,
219 1080 281 1161 7,2
297 1079 408 1143 ‘Poeni
425 1079 588 1162 segniores
608 1075 748 1170 redditi',
769 1074 821 1158 27,
833 1075 864 1157 2,
877 1076 898 1139 4
911 1075 1016 1139 ‘ditior
1031 1076 1198 1158 redditus',
1220 1075 1271 1159 29,
1283 1077 1314 1162 4,
1327 1078 1347 1140 3
1363 1081 1414 1141 ‘ne
1431 1078 1547 1142 dubius

154 1182 261 1248 adhuc
276 1181 476 1248 indubitatus
492 1182 591 1245 hostis
606 1179 818 1262 redderetur’,
840 1180 891 1262 34,
903 1180 969 1264 4,4
985 1180 1206 1266 ‘privatusque
1225 1180 1380 1245 redditus'
1395 1181 1548 1268 (quocum

38 1319 39 1338 1
152 1289 222 1352 loco
243 1289 284 1353 cl.
301 1286 369 1352 Cio.
383 1287 422 1351 fr.
437 1309 466 1371 p.
482 1285 555 1367 249,
573 1285 615 1349 30
635 1285 679 1348 M.
704 1284 755 1350 ‘ad
779 1283 937 1369 collegam
960 1284 1164 1350 reddendum
1189 1285 1387 1370 privatum’),
1412 1287 1464 1368 37,
1485 1288 1511 1363 1,
1530 1288 1547 1349 8

38 1399 39 1484 1
154 1392 336 1456 ‘terribilior
347 1390 556 1472 redderetur',
570 1388 1094 1471 41141111111111111111
1109 1389 1276 1474 redditus',
1291 1390 1384 1474 44,1,
1396 1390 1436 1454 10
1449 1396 1547 1476 ‘prae-

38 1487 39 1492 '
155 1499 251 1581 cipua
266 1494 449 1560 hominibus
465 1497 585 1558 sanitas
605 1494 771 1576 redditur',
791 1495 843 1573 44,
857 1493 920 1576 3,8
942 1494 1074 1559 ‘ferrum
1094 1496 1201 1558 acrius
1222 1494 1388 1560 redditur’.
1419 1518 1547 1559 accusa-

154 1603 256 1665 tivum
287 1599 543 1685 pracdicativum
574 1608 687 1666 contra
716 1598 1028 1684 elegantissimorum
1059 1601 1252 1686 scriptorum
1282 1599 1548 1664 consuetudinem

154 1704 308 1769 nonnulla
328 1704 416 1789 apud
433 1704 592 1768 Iustinum
612 1704 785 1768 adsumunt
804 1701 917 1788 verba,
938 1726 1021 1789 quae
1042 1704 1188 1768 hocloco
1205 1705 1316 1789 paucis
1333 1705 1548 1789 perstringere

38 1787 39 1826 1
154 1811 188 1872 11
203 1811 309 1874 animo
325 1819 382 1873 est.
415 1807 510 1872 facile
527 1829 604 1871 vero
624 1809 786 1873 existimet
801 1810 961 1894 quispiam
982 1810 1015 1872 in
1034 1808 1196 1874 nonnullis
1216 1809 1373 1894 exemplis
1393 1810 1478 1874 infra
1496 1809 1548 1873 ad-

154 1913 226 1977 latis
241 1915 418 1979 accusativi
434 1935 507 1977 cum
522 1913 681 1978 infinitivo
694 1922 891 1977 structuram
904 1912 1108 1978 statuendam
1122 1935 1192 1977 esse
1204 1912 1306 1978 verbo
1319 1913 1408 1977 ‘esse'
1423 1916 1548 1992 omisso,

38 2089 40 2098 1
113 2031 115 2036 “
155 2039 252 2103 quam
273 2017 411 2102 ellipsim
431 2017 517 2102 apud
538 2017 696 2082 Iustinum
716 2038 923 2102 nequaquam
944 2040 1014 2080 esse
1033 2017 1193 2082 insolitam
1217 2017 1300 2081 bene
1320 2018 1395 2083 scio.
1412 2017 1487 2091 ,sed
1509 2018 1549 2081 ad

156 2144 267 2186 veram
290 2125 446 2186 rationem
470 2124 602 2208 propius
625 2121 784 2187 accedero
810 2122 888 2186 mihi
912 2122 1037 2200 videor,
1065 2125 1092 2186 si
1118 2125 1389 2186 constructionem
1412 2121 1549 2207 duplicis

155 2228 334 2290 accusativi
354 2225 403 2289 his
424 2226 502 2291 locis
522 2226 763 2310 agnoscendam
786 2249 857 2290 esse
877 2236 963 2312 puto
999 2227 1064 2290 huc
1088 2228 1187 2310 igitur
1210 2228 1350 2312 pertinet
1372 2226 1548 2311 polliceri

159 2331 207 2412 11,
222 2329 250 2410 7,
265 2329 282 2391 7
301 2331 544 2417 ‘polliceturque
561 2353 594 2395 se
611 2341 643 2395 et
663 2333 858 2396 matrimonii
879 2342 911 2395 11
930 2334 999 2417 spei
1020 2332 1161 2413 sociam’,
1184 2331 1312 2413 3111
1328 2335 1474 2416 ‘regnum
1490 2331 1549 2395 Ae-

38 2445 39 2448 ’
155 2436 247 2519 gypti
260 2433 433 2519 Cleopatra
446 2457 540 2499 socru
553 2437 692 2520 pretium
708 2437 820 2501 auxilii
832 2437 989 2501 adversus
1001 2435 1133 2500 fratrem
1146 2458 1239 2500 suum
1252 2435 1443 2521 pollicente'.
1468 2437 1549 2499 simi-

156 2537 229 2601 11111
252 2538 336 2602 dixit
356 2538 525 2603 Sallustius
546 2539 614 2624 Iug.
633 2539 685 2622 93,
703 2539 723 2602 6
745 2539 925 2626 ‘pollicetur
948 2562 1018 2604 sese
1041 2540 1165 2605 itineris
1190 2541 1389 2625 periculique
1412 2539 1548 2604 ducem'.

38 2643 40 2664 ²
156 2643 270 2707 eodem
285 2643 446 2708 moderes
463 2666 495 2707 se
512 2642 611 2708 habet
626 2646 658 2707 in
675 2643 775 2708 verbo
790 2647 885 2730 pati,
906 2645 962 2709 ubi
978 2644 1192 2730 praedicativi
1207 2644 1313 2709 locum
1332 2655 1389 2708 aut
1404 2643 1549 2708 substan-

39 2753 41 2794 ;
156 2749 259 2811 tivum
275 2757 330 2812 aut
346 2748 543 2813 adiectivum
563 2748 700 2813 obtinet:
720 2749 751 2830 4,
768 2750 798 2833 3,
815 2749 837 2812 4
857 2752 942 2814 ‘cum
962 2749 1185 2834 Syracusanos
1205 2771 1321 2833 graves
1341 2748 1549 2835 paterentur’,

156 2851 185 2928 6,
198 2853 229 2933 b,
245 2851 281 2913 11
301 2855 390 2937 ‘quos
406 2860 484 2916 tunc
500 2851 608 2916 hostes
623 2851 812 2930 habuerant,
836 2863 868 2917 et
883 2853 991 2917 hostes
1006 2876 1092 2917 nunc
1108 2853 1315 2938 paterentur',
1337 2852 1366 2934 9,
1379 2854 1410 2935 4,
1423 2854 1444 2915 4
1460 2856 1550 2938 ‘quos

156 2977 269 3040 passus
285 2956 506 3021 infestissimos
521 2957 647 3039 fuerat',
664 2957 715 3042 23,
729 2958 758 3038 2,
771 2959 791 3021 6
808 2959 859 3022 ‘ne
875 2958 1071 3043 praedonem
1087 2959 1179 3041 regni
1200 2960 1248 3022 sui
1264 2958 1389 3023 hostem
1404 2967 1548 3042 pateren-

156 3059 234 3138 tur’;
259 3061 299 3124 cf.
317 3059 392 3124 Sall.
410 3061 494 3125 Hist.
515 3061 611 3144 l,48,
631 3061 671 3124 16
695 3071 726 3125 11
750 3061 800 3126 17.
840 3066 1062 3127 accusativum
1086 3063 1299 3148 praedicativi
1322 3085 1432 3128 secum
1456 3084 1549 3148 porro

156 3164 255 3228 habet
270 3165 409 3230 verbum
423 3188 605 3231 recusare
623 3166 673 3250 13,
686 3167 715 3249 2,
731 3167 768 3229 11
787 3165 1001 3232 ‘Ptolomaeus
1017 3167 1191 3232 recusabat
1206 3189 1316 3251 regem
1331 3165 1547 3241 Arridacum’,

157 3270 248 3332 cuius
272 3277 452 3334 structurae
471 3269 585 3335 Cicero
608 3293 707 3335 unum
731 3281 856 3336 tantum
876 3271 1010 3336 exhibet
1030 3272 1215 3357 exemplum
1235 3294 1292 3356 pro
1312 3270 1421 3335 Flacc.
1440 3271 1490 3353 38,
1507 3270 1547 3332 97

158 3372 322 3459 ‘populum
338 3374 518 3440 Romanum
535 3373 785 3461 disceptatorem
800 3398 865 3440 non
879 3376 975 3440 modo
991 3399 1055 3440 non
1071 3399 1184 3441 recuso
1197 3376 1258 3460 „sed
1277 3378 1375 3440 etiam
1391 3374 1548 3460 deposco'.

157 3477 253 3561 plane
269 3488 376 3543 autem
393 3480 546 3544 abhorret
561 3479 603 3545 ab
619 3478 714 3544 huius
726 3481 865 3546 dictione
878 3480 1000 3566 duplex
1012 3483 1217 3545 accusativus
1230 3503 1247 3544 e
1260 3482 1430 3566 participio
1445 3487 1549 3545 ratus

157 3603 343 3666 suspensus,
365 3605 461 3668 quem
473 3584 614 3648 Iustinus
630 3583 773 3648 Sallustii
792 3607 915 3649 morem
934 3593 1063 3649 secutus
1083 3587 1190 3669 posuit
1212 3585 1261 3666 12,
1279 3584 1310 3669 2,
1331 3585 1384 3648 161
1406 3585 1549 3648 ‘otiosum

158 3708 192 3748 se
212 3687 322 3750 ratus’.
355 3689 433 3752 item
454 3683 552 3752 verbo
573 3688 781 3753 observare
802 3689 903 3753 adicit
922 3691 1143 3754 accusativum
1164 3689 1302 3753 nominis
1323 3689 1548 3773 praedicativi:

160 3790 209 3870 11,
223 3790 251 3872 7,
267 3790 304 3852 11
322 3790 483 3856 ‘iubentur
495 3814 568 3857 eum
580 3814 690 3877 regem
703 3792 896 3875 observare',
911 3792 964 3876 41,
977 3793 1007 3873 4,
1023 3793 1063 3856 10
1079 3795 1185 3878 ‘quem
1202 3793 1288 3857 diem
1303 3793 1416 3856 Parthi
1432 3790 1548 3858 exindo

158 3893 346 3958 sollemnem
366 3895 559 3962 observant'.
594 3899 697 3980 magis
718 3898 863 3962 insolitus
885 3907 933 3962 est
953 3897 1075 3983 duplex
1095 3897 1300 3962 accusativus
1320 3921 1339 3960 a
1359 3896 1460 3961 verbo
1479 3896 1549 3979 glo-

157 3999 251 4062 riari
277 3998 422 4084 pendens
445 3999 498 4082 42,
521 4000 551 4082 4,
579 4001 615 4064 11
644 4001 875 4087 ‘victoremque
902 4002 1062 4066 Pacorum
1087 4003 1306 4066 Romanorum
1333 3999 1547 4084 gloriabatm·'‚

160 4101 250 4167 cuius
270 4100 609 4170 usus'similitudinem
629 4106 792 4190 quandam
816 4106 903 4190 apud
924 4105 1078 4171 Ovidium
1098 4105 1303 4187 11111116
1325 4106 1548 4192 conspicimus,

158 4205 214 4270 ubi
229 4206 352 4293 duplex
367 4208 528 4275 ablativus
544 4208 675 4294 legitur:
697 4212 818 4275 ‘socero
834 4232 961 4296 quoque
977 4211 1097 4295 glorior
1112 4209 1186 4274 illo'.
1218 4211 1424 4274 accusativus
1444 4218 1548 4273 autem

158 4312 295 4374 nominis
320 4311 361 4376 ab
385 4312 455 4377 aliis
480 4313 688 4399 scriptoribus
711 4313 812 4378 verbo
837 4314 985 4399 ‘gloriari'
1010 4337 1073 4381 non
1100 4314 1270 4396 subicitur,
1296 4336 1401 4400 neque
1428 4317 1459 4378 in
1482 4314 1548 4377 loco

159 4414 436 4502 Livian027,17,
457 4416 497 4482 10
516 4417 602 4481 hunc
623 4440 733 4483 casum
752 4418 829 4482 licet
849 4427 1004 4499 statuere,
1030 4418 1086 4482 sed
1107 4418 1362 4483 Weissenbomii
1385 4415 1550 4503 probanda

160 4528 209 4584 est
230 4523 403 4602 sententia,
431 4523 485 4606 qui
508 4522 617 4587 vorbis
645 4527 726 4587 ‘eam
750 4523 839 4587 velut
865 4526 1001 4608 primam
1027 4525 1230 4589 occasionem
1257 4525 1394 4608 raptam'
1418 4536 1549 4588 'accusa-

159 4623 218 4686 tivi
245 4644 319 4687 cum
340 4623 499 4689 infinitivo
526 4635 720 4692 structuram
747 4628 853 4690 inesse
879 4627 1046 4695 intellexit.
1081 4649 1156 4692 nam
1179 4628 1293 4692 Livius
1320 4630 1413 4691 sicuti
1437 4627 1548 4692 Cicero
