3225 5092
1425 239 1485 306 105

15 407 18 438 ³
103 435 148 522 (ai
163 437 232 500 eius
248 457 383 520 regnum
398 437 539 498 muneris
556 455 665 499 eorum
680 433 819 516 fuisset’)
836 444 868 498 et
882 434 934 518 24,
946 433 1011 516 2,4
1026 433 1138 520 ((5551
1153 434 1187 499 id
1199 433 1306 498 facere
1318 437 1366 499 sui
1377 455 1487 500 mune-

102 542 138 604 ris
160 538 284 626 vellet’)
310 538 547 624 comprobatur.
585 560 690 623 neque
713 541 745 602 in
769 538 930 604 adiectivo
953 541 1074 624 ‘aptior’
1097 538 1242 622 absolute
1264 541 1366 625 posito
1391 540 1486 604 offen·

102 645 237 710 dandum
249 644 327 708 mihi
341 643 478 724 videtur,
495 643 581 728 quod
593 643 634 708 U.
646 643 827 707 Koehlerus
843 644 929 723 fecit,
947 645 1000 728 qui
1013 645 1045 706 in
1055 641 1139 707 Ann.
1148 642 1226 728 phil.
1236 666 1264 706 a.
1277 643 1368 725 1865,
1382 667 1413 729 p.
1422 643 1485 707 428

22 817 23 824 ,
102 771 205 836 proco
223 748 399 834 ‘potiorem’
416 747 559 812 scribere
576 747 686 812 voluit.
718 769 802 834 5555
819 770 893 812 cum
908 750 953 811 ita
969 748 1041 826 sint,
1057 747 1122 812 fide
1139 749 1393 832 auctoritateque
1405 759 1487 813 cete·

22 839 23 862 ³
101 857 138 918 ris
154 853 313 918 excellere
329 861 407 938 puto
425 852 574 916 codicum
590 851 646 916 ΤΡ
663 853 866 938 scripturam.

196 959 235 1021 In
251 981 312 1022 usu
327 957 501 1022 verborum
516 958 691 1022 memoriae
702 957 846 1022 Iustinus
861 979 925 1021 non
942 955 1077 1020 multum
1094 956 1199 1020 differt
1214 956 1341 1022 555515
1357 959 1487 1043 scripto·

22 1117 23 1140 ,
101 1063 192 1128 ribus.
224 1064 433 1147 reperiuntur
447 1071 555 1127 autem
570 1061 658 1148 apud
679 1084 753 1126 eum
772 1061 855 1125 haec
875 1069 1000 1126 tantum
1020 1060 1134 1125 verba:
1155 1063 1305 1144 ‘memini
1326 1062 1486 1147 recordor,

20 1165 24 1224 ’ὲ
102 1168 262 1250 admoneo,
283 1149 475 1232 obliviscor'.
511 1188 646 1252 quorum
667 1168 864 1252 cumprime
885 1167 1071 1250 genetivum
1092 1165 1249 1251 (5,4,17,
1272 1167 1321 1251 11,
1334 1165 1365 1249 5,
1377 1167 1411 1248 9,
1436 1166 1486 1252 12,

102 1272 207 1359 8,11),
230 1294 303 1336 cum
324 1272 424 1336 altero
445 1274 667 1336 accusativum
688 1270 779 1357 (5,1,
800 1271 854 1356 10)
880 1273 1084 1349 consociavit,
1105 1293 1169 1335 non
1186 1280 1297 1335 contra
1315 1270 1421 1356 legem
1444 1271 1486 1335 55

22 1387 23 1448 j
102 1377 332 1462 elegantissimo
353 1397 479 1461 quoque
500 1377 656 1461 scriptore
677 1376 891 1441 observatam.
927 1375 1013 1439 idem
1034 1375 1098 1440 dici
1119 1383 1224 1459 potest
1247 1373 1288 1438 de
1310 1374 1403 1440 verbi
1423 1375 1487 1440 ‘ad-
1550 1421 1554 1435 .-

22 1489 23 1532 i
101 1482 233 1546 monere'
248 1503 321 1546 cum
337 1483 487 1565 genetivo
503 1488 673 1562 structura,
691 1502 788 1566 quam
800 1481 943 1544 Iustinus
954 1479 1074 1564 ubique
1090 1479 1237 1543 adhibet:
1253 1478 1284 1562 2,
1297 1480 1327 1562 9,
1341 1479 1375 1562 6,
1390 1479 1421 1565 5,
1436 1479 1485 1561 10,

22 1571 23 1630 ss
102 1587 131 1670 3,
152 1588 200 1672 11,
213 1587 243 1670 3,
264 1588 295 1666 1,
319 1587 367 1670 11,
386 1585 416 1670 9,
433 1584 467 1665 5,
491 1586 540 1668 11,
559 1584 588 1666 9,
608 1586 637 1667 8,
662 1607 858 1670 quamquam
878 1583 992 1649 Cicero
1016 1586 1049 1648 in
1070 1584 1266 1649 orationibus
1289 1584 1402 1648 saltem
1425 1584 1487 1648 hoc

22 1691 23 1766 J
101 1691 309 1756 verbum'non
331 1711 404 1755 cum
424 1692 574 1774 genetivo
597 1691 772 1771 coniunxit,
794 1689 852 1753 sed
873 1711 947 1754 cum
962 1690 1197 1776 praepositione
1215 1688 1286 1752 ‘de'.
1318 1687 1485 1753 ‘oblivisci’

22 1779 24 1854 1
102 1794 235 1880 denique
251 1794 399 1858 omnibus
415 1795 494 1859 locis
514 1795 556 1859 ah
572 1795 695 1858 Iustino
717 1817 790 1858 cum
811 1796 962 1878 genetivo
983 1794 1150 1879 copulatur
1169 1793 1214 1878 (1,
1227 1792 1257 1875 6,
1271 1791 1305 1874 8,
1321 1793 1352 1876 4,
1361 1793 1391 1874 2,
1404 1792 1439 1873 5,
1457 1793 1486 1876 8,

102 1899 173 1982 4,5,
195 1901 244 1982 11,
257 1898 287 1983 5,
301 1899 334 1979 9,
358 1900 407 1984 12,
427 1898 476 1982 15,
494 1899 528 1981 9,
552 1898 601 1981 18,
617 1899 648 1983 4,
667 1899 699 1980 8,
721 1899 772 1981 33,
793 1899 821 1981 1,
838 1899 872 1980 3,
894 1897 945 1982 35,
966 1900 992 1976 1,
1011 1898 1046 1979 9,
1065 1898 1118 1980 42,
1138 1899 1166 1983 1,
1183 1897 1217 1983 3)
1238 1908 1368 1982 praeter
1389 1921 1487 1963 unum

22 1989 24 2030 {
101 2002 198 2069 locum
213 2004 264 2086 39,
277 2004 304 2085 1,
314 2003 343 2085 8,
360 2026 422 2088 555
440 2003 568 2069 codices
583 2005 805 2068 accusativum
817 2002 984 2088 praebent.
1008 2003 1095 2066 hunc
1106 2003 1204 2087 igitur
1216 2004 1331 2067 ceteris
1342 2001 1419 2066 locis
1432 2003 1486 2067 ad-

102 2131 232 2193 aequare
245 2109 376 2173 student
387 2107 530 2173 nonnulli
544 2109 603 2172 viri
616 2108 712 2173 docti.
745 2108 801 2173 sed
813 2110 878 2171 iam
891 2107 1095 2172 manifestum
1107 2107 1374 2194 exploratumque
1390 2118 1439 2173 est
1454 2109 1488 2173 id

22 2253 23 2261 1
103 2213 204 2295 solum,
220 2214 307 2299 quod
323 2236 386 2278 uno
401 2214 471 2278 loco
488 2222 594 2276 exstat
612 2222 772 2278 structura
785 2213 915 2277 diversa
926 2235 945 2276 a
958 2215 1082 2298 ceteris,
1099 2216 1126 2277 si
1137 2215 1286 2296 graviora
1298 2222 1488 2298 argumenta
1602 2232 1603 2309 ,

22 2363 24 2400 ÷
103 2340 160 2381 non
168 2318 334 2400 accedant,
348 2318 435 2402 apud
444 2319 603 2382 Iustinum
616 2318 701 2382 nullo
714 2327 810 2403 pacto
823 2317 974 2382 sufficere
982 2318 1023 2381 ad
1034 2318 1181 2382 codicum
1189 2317 1287 2382 fidem
1295 2319 1328 2381 in
1337 2320 1487 2402 suspicio·

104 2443 169 2486 nem
185 2422 375 2488 vocandam.
407 2424 496 2508 atqui
513 2444 551 2486 eo
566 2423 636 2486 loco
656 2444 762 2506 neque
777 2445 795 2486 5
811 2444 908 2486 55555
924 2422 1098 2487 verborum
1117 2443 1222 2507 neque
1243 2445 1260 2486 e
1280 2444 1315 2486 re
1330 2444 1488 2507 gramma·

103 2529 161 2590 1155
180 2529 351 2613 quicquam
374 2529 477 2612 repeti
501 2536 619 2614 potest,
645 2527 731 2611 quod
755 2527 904 2590 codicum
925 2526 969 2590 IP
993 2529 1186 2613 scripturam
1207 2527 1343 2590 ‘omnem
1366 2529 1487 2610 magni-

105 2631 238 2696 tudinem
261 2633 401 2695 nominis
421 2654 461 2694 ac
485 2632 661 2696 maiestatis
687 2630 813 2696 oblitus'
834 2632 984 2698 infirmet.
1023 2631 1109 2718 quod
1133 2640 1242 2696 autern
1265 2630 1384 2715 legitur
1406 2633 1439 2694 in
1459 2631 1487 2694 T

105 2734 191 2798 ‘omni
206 2736 448 2820 magnitudine,
464 2734 498 2799 id
515 2758 556 2799 ex
573 2739 709 2800 ‘omnem
726 2736 990 2820 magnitudinem’
1008 2744 1137 2800 enatum
1153 2745 1211 2817 est,
1231 2736 1338 2799 littera
1352 2737 1364 2798 i
1380 2757 1486 2799 cume
1601 2790 1602 2793 ,

106 2839 228 2904 confusa
241 2850 273 2904 et
285 2841 412 2925 virgula
428 2863 526 2926 supra
543 2863 560 2904 5
577 2843 702 2906 omissa.
727 2863 811 2925 5555
824 2864 896 2905 cum
908 2843 953 2904 ita
966 2842 1038 2923 sint,
1054 2863 1164 2905 omnes
1177 2843 1390 2922 coniecturae,
1407 2863 1486 2926 quas

17 2965 21 3012 ἰ
106 2943 244 3009 adhunc
267 2944 375 3010 locum
397 2947 600 3031 protulerunt
623 2948 683 3010 viri
707 2946 809 3028 docti,
833 2967 1094 3031 supervacaneae
1115 2946 1194 3009 mihi
1218 2945 1368 3010 videntur
1390 2953 1487 3028 atque
1601 3014 1602 3017 Ἴ

22 3131 24 3134 ¹
107 3051 315 3114 accusativum
338 3049 427 3113 libris
450 3050 604 3115 traditum
627 3050 832 3115 retinendum
857 3073 927 3114 5555
951 3072 1076 3114 censeo.
1115 3050 1196 3113 haec
1224 3050 1251 3113 si
1277 3058 1396 3131 statuo,
1423 3070 1488 3112 555
1601 3082 1602 3113 ;

107 3160 202 3218 tamen
225 3154 328 3239 probo
352 3154 538 3236 discrimen,
567 3154 654 3241 quod
680 3157 763 3218 inter
786 3155 929 3238 genetivi
952 3164 983 3218 et
1007 3155 1184 3219 accusativi
1210 3161 1405 3218 structuram
1427 3152 1489 3216 5151

108 3254 189 3320 finxit
202 3257 397 3340 Beneckius,
419 3261 472 3344 qui
493 3261 642 3344 genetivo
660 3260 836 3343 significari
856 3258 1020 3323 contendit
1041 3280 1106 3323 non
1126 3267 1225 3322 totam
1245 3279 1315 3321 rem
1334 3256 1488 3322 oblivioni

108 3358 179 3444 dari,
203 3362 260 3428 sed
283 3363 442 3447 quasdam
466 3373 591 3428 tantum
618 3365 686 3427 eius
710 3373 833 3448 partes,
863 3364 1085 3427 accusativum
1110 3385 1187 3426 vero
1210 3373 1278 3426 tum
1300 3364 1390 3447 poni,
1415 3383 1489 3426 cum

109 3469 249 3532 memoria
265 3466 400 3533 alicuius
414 3470 462 3532 rei
478 3468 573 3553 plane
589 3466 757 3532 abiciatur.
785 3470 883 3532 immo
900 3467 1073 3532 discrimen
1089 3469 1173 3530 inter
1188 3467 1246 3531 has
1263 3475 1440 3531 structuras
1454 3468 1488 3529 in

109 3590 138 3632 55
152 3575 297 3654 cernitur,
318 3571 404 3658 quod
421 3573 514 3637 huius
529 3572 622 3637 verbi
639 3594 713 3637 cum
728 3574 880 3656 genetivo
901 3573 1083 3636 coniunctio
1099 3571 1199 3636 multo
1216 3573 1312 3635 artior
1328 3580 1377 3634 est
1392 3592 1488 3655 quam

110 3693 171 3740 cum
185 3679 384 3759 accusativ03
402 3677 443 3741 cf.
458 3675 617 3743 Schmalz.
632 3700 655 3742 5.
670 3677 721 3759 64,
738 3698 769 3761 p.
783 3676 847 3740 265
863 3698 909 3761 55.

198 3779 287 3846 Sicut
303 3781 404 3845 verba
419 3783 592 3845 memoriae
605 3802 678 3846 cum
690 3783 840 3865 genetivo
853 3782 1092 3864 coniunguntur
1102 3790 1235 3867 propter
1245 3778 1489 3866 praevalentem

110 3885 229 3949 nominis
241 3888 413 3968 notionem,
429 3887 474 3950 ita
486 3887 664 3969 genetivus,
678 3891 774 3970 quem
787 3907 900 3949 secum
911 3884 1034 3949 habent
1046 3884 1199 3950 nonnulla
1210 3885 1313 3949 verba
1324 3884 1489 3950 adfectum

110 3989 309 4071 exprimentia
324 4013 362 4055 55
379 3990 570 4076 explicatur,
587 3990 674 4076 quod
687 3990 891 4074 substantivi,
905 4012 988 4075 quac
1001 3991 1047 4054 eis
1059 3990 1180 4072 subest,
1193 3991 1243 4053 vis
1255 3990 1357 4074 magis
1370 3991 1490 4054 eminet

111 4099 193 4176 atque
208 4094 322 4159 elucet.
347 4116 385 4158 ac
399 4095 439 4159 de
451 4095 625 4159 verborum
642 4095 748 4180 piget
764 4103 795 4156 et
811 4093 931 4179 pudet
946 4094 1033 4180 apud
1046 4094 1205 4158 Iustinum
1218 4118 1278 4158 usu
1290 4094 1370 4158 nihil
1385 4094 1490 4159 haheo

21 4277 22 4280 Ἴ
112 4196 184 4277 quod
204 4198 363 4263 adnotem.
399 4202 443 4263 ita
466 4200 552 4262 enim
576 4208 786 4284 usurpantur,
811 4207 847 4262 ut
870 4197 950 4262 nihil
972 4199 1127 4262 recedant
1149 4221 1168 4261 a
1191 4220 1303 4263 norma
1325 4197 1490 4262 latinitatis

16 4299 22 4368 ἶ
111 4301 244 4386 optimae,
272 4303 320 4386 12,
338 4303 368 4388 6,
387 4303 421 4383 5,
448 4302 616 4386 12,6,10.
647 4303 741 4368 aliter
756 4324 834 4365 vcro
855 4324 907 4366 res
928 4325 962 4366 se
984 4302 1082 4368 hahet
1103 4303 1136 4366 in
1157 4302 1258 4367 verbo
1280 4303 1490 4388 paenitere,

16 4413 22 4468 t
112 4405 184 4484 quod
209 4409 312 4471 minus
338 4416 469 4493 propter
496 4409 637 4492 genetivi
665 4415 859 4470 structuram
883 4429 980 4492 quam
1008 4416 1140 4493 propter
1166 4429 1261 4471 usum
1288 4407 1491 4493 personalem

112 4521 272 4577 memoratu
289 4512 422 4596 dignum
438 4522 494 4577 est.
519 4511 576 4575 sed
589 4512 728 4597 primum
740 4513 926 4576 tritissimae
939 4512 958 4575 i.
974 4533 1000 4576 e.
1011 4510 1233 4598 impersonalis
1246 4514 1491 4577 constructionis

113 4608 279 4681 adferamus
296 4615 494 4702 exemplum:
511 4616 564 4700 28,
573 4617 602 4698 3,
615 4616 654 4679 15
668 4616 813 4700 ‘quorum
829 4618 855 4679 si
870 4616 939 4680 illos
952 4616 1133 4700 paeniteat'.
1161 4616 1371 4711 personalitcr
1383 4627 1489 4682 autem
