3225 5092
109 236 169 298 118

105 427 248 492 Iustinus
264 427 368 490 Taciti
384 425 582 511 aliorumque
599 412 793 510 scriptorum
809 425 923 488 aetatis
938 424 1097 490 inferioris
1117 445 1205 488 more
1226 446 1300 488 cum
1315 423 1424 488 dativo
1440 423 1502 488 loci

108 529 277 617 11,15,15
294 529 455 616 ‘reliquias
476 531 545 594 eius
561 531 718 595 maiorum
738 529 869 593 tumulis
889 529 1001 592 inferri
1020 528 1136 610 iussit’3
1160 528 1201 591 51.
1215 528 1293 592 Τ55.
1303 528 1388 593 Α55.
1401 529 1432 612 4,
1445 528 1502 610 44;
1592 560 1593 605 j

108 637 157 717 16,
171 636 199 699 6.
228 636 342 699 ceteris
358 634 713 700 551551551515511555
728 655 793 698 555
810 632 974 719 discrepat
988 655 1008 695 5
1023 632 1232 719 scriptoribus
1248 635 1384 719 optimis,
1401 632 1504 698 veluti
1592 632 1593 635 ’

108 740 157 823 18,
170 738 200 822 5,
215 739 269 820 101
286 737 337 822 38,
350 737 380 820 8,
396 737 490 803 1451.
522 737 669 803 11551555
685 737 901 802 adferendum
916 745 964 801 est
978 736 1115 802 verbum
1135 737 1348 819 infundere,
1369 738 1455 824 quod
1471 739 1502 820 3,
1593 744 1595 817 ξ

105 843 172 930 5,8
193 842 321 908 codices
342 841 546 930 Transalpini
570 853 602 906 51
625 843 737 908 5155515
758 847 781 906 l'l
802 850 941 906 tuentur.
969 843 1002 905 in
1025 843 1071 905 eis
1095 841 1284 906 5515111555
1307 841 1504 915 exhibentur
1593 842 1594 909 l

105 949 222 1014 verba:
239 951 290 1013 ‘ne
308 958 419 1014 contra
434 948 596 1013 fortunam
611 948 786 1034 pugnando
799 950 922 1011 maiora
934 947 1128 1012 detrimenta
1140 947 1263 1010 civitati
1273 945 1503 1030 infunderent,
1593 954 1594 959 ’

106 1053 236 1118 codices
259 1052 365 1117 Italici
386 1074 445 1138 pro
467 1052 691 1117 ‘infunderent'
713 1051 836 1116 habent
857 1050 1068 1134 ι1511151551.
1107 1051 1168 1114 1155
1191 1060 1300 1116 551515
1322 1050 1459 1117 verbum
1483 1075 1504 1116 a

103 1157 311 1224 Berneclrero
327 1167 496 1244 receptum
512 1157 679 1222 damnavit
692 1156 841 1220 Vorstius
856 1155 913 1242 (51.
926 1154 1073 1220 Frotscb.
1086 1155 1129 1238 Π,
1146 1178 1178 1241 p.
1192 1154 1503 1242 317)5511115511515-
1594 1172 1595 1235 1

104 1285 167 1349 que
182 1284 241 1349 pro
257 1283 295 1327 eo
316 1285 387 1326 5555
404 1260 487 1326 dixit
503 1262 737 1346 ‘iniungerent'.
769 1283 868 1348 quam
889 1263 1108 1325 coniecturam
1128 1261 1159 1337 ii,
1181 1262 1235 1346 qui
1252 1269 1325 1346 post
1336 1260 1506 1326 Vorstium
1594 1304 1595 1319 1

15 1447 16 1452 ¹
105 1370 138 1432 in
158 1369 272 1432 Iustini
295 1390 392 1453 opere
416 1366 615 1432 recensendo
639 1389 770 1453 operam
793 1366 1046 1449 collocaverunt,
1071 1388 1181 1432 551555
1204 1367 1335 1430 15155515
1356 1364 1506 1431 15551551

16 1453 20 1480 ³
106 1479 243 1557 excepto
262 1471 408 1554 Ruehlio,
432 1472 487 1558 qui
509 1471 552 1535 ab
576 1470 737 1536 oblivione
757 1471 927 1535 vindicans
951 1493 1023 1535 eam
1042 1473 1195 1556 reposuit,
1218 1479 1254 1533 ut
1273 1469 1351 1534 mihi
1370 1470 1506 1556 quidem

45 1585 52 1598 '
105 1575 245 1658 videtur,
261 1576 386 1640 iniuria.
417 1598 494 1640 nam
514 1577 573 1640 etsi
592 1598 656 1640 non
676 1597 761 1660 nego
777 1575 957 1639 ‘infundere
973 1575 1176 1639 detrimenta'
1192 1582 1259 1639 tam
1279 1574 1436 1640 audacter
1450 1575 1507 1640 vel

107 1678 187 1744 dure
207 1680 330 1745 dictum
351 1703 431 1763 esse,
445 1689 496 1765 ut,
518 1683 597 1744 siin
617 1681 792 1765 scriptoris,
814 1679 916 1766 qualis
936 1690 985 1744 est
1000 1679 1122 1744 Caesar
1141 1678 1195 1743 151
1211 1677 1390 1761 Sallustius,
1411 1679 1505 1745 libris

108 1785 238 1850 obviam
257 1785 358 1870 fieret,
387 1784 604 1850 dubitationes
633 1785 727 1850 nobis
751 1786 894 1867 iniceret,
918 1794 1027 1850 tamen
1051 1793 1201 1848 nontam
1224 1783 1357 1850 moleste
1380 1785 1415 1848 id
1434 1784 1505 1848 fero
1596 1806 1598 1873 1

106 1891 194 1975 apud
212 1888 381 1972 Iustinum,
406 1893 525 1977 quippe
550 1892 640 1954 cuius
663 1895 695 1953 in
717 1890 857 1955 dictione
879 1889 980 1954 multa
1000 1893 1106 1955 inesse
1129 1891 1194 1954 iam
1217 1892 1463 1973 cognoverimus
1483 1915 1503 1955 a
1596 1908 1597 1961 1

107 1997 269 2059 5511115551
292 1994 422 2059 dicendi
446 2016 564 2078 genere
588 1994 776 2059 recedentia
798 2004 896 2081 atque
919 1994 1001 2059 adeo
1023 1994 1176 2058 nonnulla
1198 1994 1294 2079 plane
1317 1994 1502 2079 singularia.

106 2099 191 2164 hanc
206 2121 301 2185 porro
316 2098 507 2163 insolentem
522 2099 716 2164 locutionem
732 2122 749 2163 5
765 2099 889 2164 11515111
910 2098 1079 2163 cuiusdam
1100 2121 1198 2164 manu
1212 2096 1346 2162 fluxisse
1366 2100 1438 2183 quis
1455 2108 1505 2163 est
1597 2180 1599 2185 ι

107 2205 161 2288 qui
173 2202 305 2267 credat?
322 2205 418 2268 immo
430 2202 464 2266 id
476 2212 616 2268 statuere
627 2204 702 2269 licet
719 2203 759 2268 de
776 2204 925 2268 codicum
936 2202 1121 2268 Italicorum
1136 2203 1273 2267 lectione
1289 2202 1504 2287 infligerent,
1597 2191 1599 2285 l

107 2329 189 2392 quae
213 2309 243 2371 ei
264 2306 438 2372 tribuenda
460 2307 603 2389 videtur,
628 2310 681 2394 qui
704 2309 844 2374 verbum
865 2308 1055 2373 ‘infundere’
1077 2308 1243 2394 explicare
1266 2306 1319 2371 vel
1342 2311 1504 2392 corrigere
1597 2354 1598 2379 2

107 2411 237 2475 studuit.
268 2409 352 2476 adde
369 2412 455 2496 quod
471 2412 532 2477 hoc
548 2412 686 2478 verbum
701 2412 743 2477 ab
759 2413 830 2477 aliis
845 2435 972 2498 quoque
988 2413 1198 2499 scriptoribus
1214 2412 1372 2477 inferioris
1387 2414 1504 2477 aetatis
1597 2390 1598 2413 ³

107 2537 203 2580 sensu
218 2515 372 2581 translato
388 2538 463 2580 eum
479 2515 588 2582 dativo
610 2517 788 2602 copulatur,
809 2517 843 2581 id
863 2518 949 2603 quod
969 2540 1012 2581 ex
1022 2517 1187 2582 Ammiani
1206 2517 1402 2601 intellegitur
1419 2517 1504 2599 loco,
1598 2538 1600 2567 ¹

107 2641 203 2705 quem
226 2619 342 2685 adtulit
362 2619 558 2686 Gronovius:
587 2621 636 2706 14,
656 2622 723 2705 5,6
747 2623 897 2688 ‘fluminis
919 2623 1014 2687 modo
1038 2622 1172 2687 fortunis
1196 2621 1408 2708 complurium
1431 2643 1504 2686 sese

106 2725 294 2809 repentinus
314 2725 452 2790 infudit'.
483 2735 653 2811 praeterea
673 2727 810 2792 verbum
827 2726 1017 2791 ‘infundere’
1035 2727 1124 2812 apud
1140 2728 1299 2792 Iustinum
1318 2727 1449 2813 propria
1471 2729 1505 2790 vi
1598 2734 1599 2751 ²

106 2829 246 2913 positum
260 2827 398 2913 legimus
414 2829 466 2912 32,
478 2829 509 2912 4,
522 2830 542 2894 5
559 2831 647 2896 ‘auro
668 2853 724 2895 suo
739 2833 772 2895 in
788 2833 903 2896 statuis
920 2831 987 2918 (‘in'
1004 2853 1066 2896 om.
1079 2832 1156 2917 ΤΠ),
1177 2853 1257 2916 111155
1273 2853 1384 2895 secum
1399 2840 1505 2916 porta·

107 2931 173 3015 bat,
189 2932 314 2997 infuso'.
342 2933 516 3018 ingerere
535 2934 584 3016 18,
599 2934 627 3019 7,
641 2935 660 2997 9
674 2937 826 3000 ‘omnium
842 2958 876 2999 55
893 2935 994 3000 555115
1009 2937 1190 3019 ingereret,
1209 2936 1238 3018 6,
1252 2935 1281 3020 8,
1296 2935 1313 2997 7
1331 2936 1505 3000 ‘recusanti

107 3038 213 3101 omnia
227 3037 364 3122 imperia
377 3039 505 3122 ingesta
520 3038 614 3116 5551,
631 3036 683 3120 20,
695 3039 726 3120 4,
742 3040 782 3103 10
798 3039 1027 3124 ‘frugalitatem
1043 3039 1191 3103 omnibus
1207 3039 1396 3124 ingerebat’.
1428 3050 1505 3104 ante

106 3141 237 3218 Livium
251 3142 333 3206 11555
349 3151 510 3207 structura
525 3145 559 3206 in
573 3165 670 3228 prosa
686 3146 829 3209 oratione
841 3167 904 3208 non
921 3147 1091 3228 invenitur,
1109 3145 1300 3236 51111141,
1320 3144 1369 3226 10,
1382 3144 1402 3207 6
1418 3146 1506 3209 ‘cum

108 3296 115 3311 .
131 3297 137 3310 .
153 3295 159 3309 .
173 3246 360 3330 ingessisset
376 3246 494 3331 probra
509 3247 554 3310 M.
567 3247 669 3312 Iunio’
687 3246 733 3333 (v.
746 3248 924 3314 Kuehnast.
938 3273 969 3335 p.
985 3249 1071 3333 135).
1096 3250 1243 3312 1515515
1259 3248 1289 3333 3,
1302 3248 1332 3330 5,
1348 3248 1387 3313 10
1403 3249 1505 3313 ‘ardo-

106 3371 176 3415 rem
191 3349 344 3415 militibus
360 3352 493 3432 iniecit’3
516 3350 556 3414 cf.
571 3351 600 3434 6,
615 3351 643 3434 7,
662 3352 715 3434 123
741 3351 789 3433 18,
802 3353 833 3437 4,
848 3353 902 3434 151
923 3352 1062 3437 25,1,7,
1094 3350 1296 3416 intendere
1315 3353 1346 3438 2,
1362 3353 1392 3435 5,
1409 3353 1430 3417 5
1447 3357 1505 3418 ‘in-

106 3454 313 3539 opinantibus
333 3453 472 3518 verbera
491 3457 636 3538 intenta',
653 3456 704 3542 24,
717 3457 748 3540 3,
765 3456 784 3520 8
801 3459 895 3544 ‘quae
916 3456 1080 3543 (vulnera)
1100 3457 1210 3522 liberis
1229 3457 1505 3524 intendebantur’.

106 3567 274 3642 praeterea
293 3581 367 3623 cum
388 3562 679 3646 praepositionibus
696 3561 758 3626 ‘ad’
777 3561 828 3644 13,
844 3561 874 3639 6,
890 3563 925 3642 43
946 3561 999 3644 21,
1017 3563 1044 3639 1,
1057 3562 1092 3645 43
1113 3561 1165 3645 21,
1178 3563 1240 3645 4,1
1263 3571 1296 3625 51
1313 3562 1363 3626 ‘in’
1383 3562 1410 3645 1,
1424 3562 1453 3646 8,
1469 3563 1504 3648 93

109 3664 158 3743 11,
175 3660 205 3744 8,
223 3661 241 3724 8
263 3664 475 3747 coniungitur.
508 3665 651 3732 offerre
672 3666 748 3748 2,6,
766 3664 863 3729 2151.
895 3665 995 3729 151115
1017 3656 1250 3751 permiscere
1270 3665 1412 3730 Iustinus
1432 3669 1506 3752 pari

106 3765 202 3830 modo
218 3788 258 3830 ac
269 3765 401 3832 Tacitus
415 3767 693 3854 (1151111515
712 3771 762 3852 15,
772 3769 829 3856 44)
842 3792 905 3834 555
919 3769 1021 3834 551551
1034 3770 1179 3834 dativum
1190 3792 1347 3854 personae
1359 3770 1506 3835 adnectit

107 3870 159 3953 36,
171 3871 202 3956 4,
215 3871 234 3934 3
252 3872 358 3936 ‘noxia
373 3873 512 3937 innoxiis
527 3874 764 3961 permiscebat',
787 3873 845 3938 sed
866 3875 963 3938 etiarn
984 3875 1129 3939 dativum
1144 3877 1192 3938 rei
1207 3875 1258 3959 36,
1270 3875 1301 3957 2,
1316 3875 1356 3938 16
1374 3877 1506 3941 ‘iustitia

106 3974 252 4060 religioni
264 3974 432 4061 (religione
444 3977 499 4064 IT)
512 3978 693 4063 permixta’,
712 3981 822 4064 quain
836 4002 872 4044 re
884 4002 904 4042 a
916 3977 1072 4043 Cicerone
1088 3989 1120 4042 51
1132 3978 1282 4044 Sallustio
1298 3980 1431 4065 recedit,
1448 3984 1506 4066 qui

106 4077 249 4144 ablativo
261 4088 394 4145 utuntur
404 4081 498 4146 modo
511 4081 577 4145 solo
589 4082 683 4145 modo
695 4084 933 4168 praepositione
944 4083 1034 4146 ‘curn'
1046 4083 1183 4147 adiecta.
1201 4083 1314 4148 eodem
1323 4085 1429 4167 modo,
1440 4107 1504 4170 quo

108 4184 219 4268 optimi
233 4186 405 4268 scriptores
418 4184 632 4270 ‘posthabere'
645 4185 812 4268 adhibent,
825 4195 959 4272 usurpat
969 4186 1111 4250 Iustinus
1123 4188 1260 4252 verbum
1271 4197 1505 4274 postponere

109 4287 159 4366 30,
176 4288 207 4374 4,
224 4288 243 4351 9
265 4291 316 4353 ‘ne
331 4287 550 4354 Hannibalem
567 4290 698 4374 quidem
715 4290 903 4354 Alexandro
921 4290 1039 4374 Magno
1055 4292 1333 4375 postponendum'.
1364 4315 1403 4357 ae
1420 4294 1504 4356 simi-

107 4392 180 4458 liter
192 4395 289 4459 etiarn
301 4394 435 4460 Tacitus
446 4395 532 4460 Α55.
544 4395 594 4478 14,
604 4394 655 4460 55.
683 4395 942 4481 praetendere
956 4395 1008 4478 29,
1017 4396 1048 4477 4,
1059 4396 1098 4458 ll
1112 4395 1363 4482 ‘Philopoemeni
1375 4397 1502 4461 Achae·

109 4518 200 4562 orum
212 4497 305 4563 duci.
318 4549 324 4562 .
337 4498 485 4564 ,155111155
497 4498 701 4584 praetendit',
713 4499 766 4581 43,
776 4500 807 4579 4,
820 4500 861 4564 10
869 4501 948 4584 ‘regi
960 4497 1097 4565 insidiae
1108 4499 1387 4585 praetenduntur'.
1400 4502 1434 4565 in
1443 4501 1502 4566 ele-

108 4603 198 4685 ganti
219 4623 366 4666 sermone
385 4624 450 4666 non
471 4605 606 4668 usitatus
630 4626 701 4668 5555
721 4603 852 4667 videtur
872 4603 1010 4687 dativus,
1030 4605 1085 4690 qui
1102 4626 1122 4667 a
1137 4605 1238 4669 verbo
1257 4606 1504 4690 proscribere

1256 4932 1270 4989 f
