3225 5092
635 545 687 614 De
703 545 822 614 dativi
837 563 917 613 usu.

580 715 628 768 De
651 713 769 769 dativo
792 710 974 768 commodi.

182 862 348 949 Dativum,
363 885 459 951 quem
471 863 630 928 commodi
644 873 675 926 et
686 864 883 928 incommodi
894 874 1022 948 vocant,
1039 885 1112 928 cum
1121 863 1226 927 varias
1239 864 1473 949 complectatur

93 968 248 1032 relationes
272 968 345 1054 plus
369 971 514 1032 minusve
540 970 624 1032 inter
650 989 685 1032 se
712 969 923 1054 propinquas,
950 970 1112 1033 accuratis
1135 970 1294 1053 certisque
1316 969 1471 1034 limitibus

93 1072 212 1136 difficile
225 1082 274 1138 est
286 1074 562 1140 circumscribere.
588 1074 738 1136 universe
754 1081 863 1137 autem
877 1072 971 1136 huius
987 1073 1087 1137 dativi
1100 1073 1261 1139 notionem
1276 1074 1321 1136 ita
1336 1073 1472 1137 definire
1584 1074 1586 1077 ’

93 1176 164 1260 1111,
183 1186 219 1241 11
239 1179 285 1242 111
305 1180 447 1243 maxime
467 1177 546 1241 loeis
567 1186 735 1260 statuatur,
755 1178 811 1242 ubi
831 1178 915 1242 actio
931 1178 967 1242 fit
986 1179 1019 1241 in
1039 1178 1173 1242 alicuius
1192 1176 1371 1263 utilitatem,
1389 1199 1472 1242 com·

92 1283 219 1365 modum,
239 1282 403 1365 honorem,
424 1285 571 1367 gratiam.
601 1283 696 1347 huius
716 1283 814 1366 igitur
834 1282 935 1346 dativi
954 1282 1043 1366 apud
1057 1283 1218 1346 Iustinum
1237 1305 1330 1347 usum
1349 1291 1385 1347 ut
1403 1281 1471 1348 illu-

92 1396 187 1468 strem,
207 1410 314 1472 pauca
333 1388 498 1452 sufficiant
517 1389 681 1472 exempla:
703 1388 732 1472 2,
745 1387 774 1473 8,
789 1388 808 1451 6
825 1388 926 1473 ‘quasi
947 1389 1008 1452 sibi
1021 1407 1092 1452 'non
1108 1389 1233 1471 patriae
1248 1387 1399 1472 vicisset',
1419 1387 1471 1472 40,

93 1491 143 1574 1,1
160 1491 420 1577 ‘peregrinosque
441 1492 503 1556 sibi
522 1514 616 1576 reges
638 1493 888 1577 circumspicere
909 1492 1035 1578 coepit’,
1057 1492 1182 1574 37,1,1
1201 1492 1402 1575 ‘veniamque
1422 1490 1472 1554 his
1588 1498 1590 1505 ’

91 1604 226 1660 1111111
241 1596 430 1662 obtinuere'.
462 1598 526 1661 huc
547 1599 644 1661 etiam
664 1599 773 1660 nescio
793 1619 835 1660 an
856 1598 897 1660 sit
915 1596 1104 1661 referendus
1120 1596 1248 1662 dativus
1263 1598 1297 1660 in
1311 1595 1471 1660 locutione

91 1699 206 1763 ‘cedere
225 1700 322 1764 alicui
341 1701 449 1786 aliqua
474 1724 509 1765 re
530 1701 580 1786 (aa
593 1701 755 1788 jornandes
776 1699 916 1764 (dunsten
940 1724 998 1765 ooo
1018 1712 1110 1764 etwas
1130 1701 1283 1778 chatolica,
1303 1700 1472 1763 verziebtea

90 1803 146 1888 auf
157 1805 284 1890 etwas)':
301 1805 396 1888 29,2,
410 1806 429 1868 6
443 1805 643 1890 ‘superhaec
658 1806 774 1869 cedere
787 1828 820 1869 se
832 1805 877 1870 illi
889 1826 988 1888 regno
1003 1857 1009 1868 .
1024 1856 1030 1869 .
1046 1858 1051 1870 .
1065 1805 1255 1891 profitetur’,
1271 1804 1397 1889 31111
1413 1805 1472 1868 ‘sin
1589 1847 1590 1851 =

90 1929 158 1972 vero
177 1912 246 1994 quis
268 1909 331 1974 illis
351 1910 445 1974 ltalia
464 1910 554 1974 velut
575 1910 662 1974 fonte
683 1913 800 1974 virium
820 1911 971 1996 cesserit’,
992 1911 1044 1995 31,
1063 1910 1092 1994 7,
1113 1909 1132 1973 8
1155 1913 1199 1973 ‘ut
1218 1908 1299 1972 Asia
1318 1910 1472 1975 Romanis
1589 1920 1590 1923 ’

91 2013 230 2096 cederet’,
250 2014 303 2098 40,
321 2015 387 2099 2,4
407 2019 481 2100 ‘quc
505 2013 633 2101 (regno)
658 2017 791 2079 cesserit
810 2015 964 2098 Tigrani'.
988 2038 1047 2100 pro
1066 2015 1175 2078 dativo
1195 2014 1354 2079 commodi
1374 2037 1470 2099 porro
1588 2107 1591 2110 ἢ

91 2119 304 2203 accipiendum
328 2121 441 2204 opinor
463 2141 552 2200 eum,
576 2122 631 2204 qui
655 2141 697 2182 ex
718 2120 820 2184 verbo
844 2119 986 2183 donare
1009 2119 1142 2205 pendet,
1171 2120 1197 2181 si
1219 2118 1294 2183 huic
1316 2121 1367 2183 vis
1389 2121 1473 2183 inest

91 2231 260 2286 nostrorum
282 2225 456 2302 ί1111111111,
478 2223 685 2308 depondipen’:
707 2223 994 2306 3224111111]
1013 2224 1057 2287 illi
1081 2223 1233 2305 donavit’,
1256 2223 1472 2309 32251111

90 2333 147 2390 tam
161 2327 342 2392 absolutum
357 2350 468 2412 regem
484 2351 582 2413 quam
597 2327 751 2392 donatum
766 2327 833 2391 filio
844 2329 991 2412 patrem',
1007 2327 1059 2410 38,
1068 2328 1098 2414 9,
1108 2328 1128 2389 9
1140 2329 1227 2392 ‘tnnc
1240 2350 1367 2414 quoque
1379 2330 1472 2393 uxori

92 2437 118 2492 et
130 2431 233 2496 liberis
249 2432 405 2498 donatus’.

180 2537 235 2601 Ad
251 2537 398 2609 dativum
415 2537 574 2602 commodi
592 2539 740 2626 proxime
756 2537 884 2601 accedit
904 2537 1033 2602 dativus
1053 2540 1203 2622 auctoris,
1225 2539 1279 2623 qui
1300 2537 1473 2604 verborum

90 2638 187 2704 formis
196 2644 334 2727 passivis
346 2665 404 2727 pro
418 2645 653 2728 praepositione
663 2642 724 2706 ‘ab’
735 2641 901 2705 subicitur.
926 2643 1017 2705 euius
1030 2642 1131 2706 dativi
1144 2645 1209 2705 vim
1219 2643 1414 2707 Kuchnerus
1430 2643 1471 2707 ad
1588 2672 1589 2675 ¹

91 2742 249 2812 OicTusc.
259 2748 289 2832 2,
302 2749 329 2825 1,
340 2748 361 2811 2
374 2757 406 2813 11
414 2748 624 2829 Tillmannus,
638 2747 742 2831 quide
755 2746 860 2809 haere
870 2749 997 2831 copiose
1008 2746 1297 2831 etprudenteregit
1308 2747 1382 2810 Act.
1393 2769 1470 2812 sem.
1587 2776 1590 2825 1

90 2847 157 2933 phil.
169 2851 300 2936 Erlang.
310 2853 355 2937 ΙΙ,
371 2875 402 2939 p.
417 2854 458 2916 73
472 2874 531 2937 sq,
546 2862 634 2917 recte
650 2855 695 2917 ita
711 2853 905 2916 constituere
922 2852 1124 2934 studuerunt,
1140 2862 1175 2916 ut
1188 2853 1295 2918 dativo
1307 2862 1472 2917 auctorem

91 2953 174 3018 simul
187 2965 353 3041 tamquam
369 2979 443 3022 eum
463 2958 639 3041 significari
656 2956 811 3039 dicerent,
831 2955 874 3021 ad
895 2957 985 3019 cuius
1005 2955 1210 3021 commodum
1229 2965 1285 3020 aut
1300 2959 1471 3021 incommo-

90 3055 156 3123 dum
170 3062 346 3146 pertineret
358 3065 452 3126 actio.
482 3072 579 3147 atque
595 3061 656 3126 hoc
672 3063 717 3124 ita
733 3084 766 3125 se
781 3061 904 3126 habere
919 3060 1099 3126 luculenter
1114 3083 1155 3124 ex
1171 3063 1218 3125 eis
1232 3062 1341 3127 verbis
1358 3083 1472 3145 cogno-

90 3182 168 3226 scere
189 3165 280 3247 licet,
305 3167 424 3251 quibus
447 3167 500 3231 hic
524 3189 618 3231 casus
641 3166 813 3230 adiunctus
834 3188 893 3250 pro
914 3166 1023 3231 dativo
1043 3175 1076 3229 et
1099 3165 1257 3230 commodi
1280 3176 1311 3229 et
1333 3168 1473 3231 auctoris

89 3269 183 3354 accipi
198 3279 312 3354 potest.
339 3271 433 3335 huius
450 3271 537 3336 modi
553 3281 660 3335 autem
678 3291 749 3334 esse
765 3271 895 3335 videtur
909 3270 1104 3357 exemplum,
1121 3270 1206 3355 quod
1219 3271 1361 3334 Iustinus
1379 3271 1473 3356 1,10,

91 3369 123 3432 13
137 3373 241 3437 offert:
259 3375 418 3460 ‘cognatio
434 3377 543 3440 Dareo
558 3378 669 3440 iuncta
685 3397 756 3440 cum
773 3377 917 3460 pristinis
933 3375 1064 3458 regibus
1080 3376 1160 3439 fuit’.
1191 3397 1266 3439 nam
1282 3375 1376 3439 facile
1392 3376 1473 3440 haec

88 3475 125 3538 ita
138 3479 368 3565 interpreteris,
388 3491 423 3544 ut
444 3483 668 3565 cognationem
689 3489 721 3545 et
736 3503 756 3545 a
772 3481 881 3546 Dareo
898 3483 979 3544 etin
995 3479 1198 3544 commodum
1214 3479 1314 3544 Darei
1330 3481 1474 3545 iunctam

89 3599 149 3644 esse
168 3583 270 3666 dicas,
292 3584 333 3647 cf.
347 3586 446 3669 Verg.
460 3585 541 3650 Aen.
560 3585 590 3669 8,
611 3586 672 3649 169
690 3587 810 3649 ‘iuncta
831 3593 879 3649 est
898 3585 975 3648 mihi
995 3584 1125 3648 foedere
1147 3583 1282 3649 dextra’.
1320 3594 1417 3670 atque
1437 3593 1474 3648 ut

89 3681 222 3752 hocloco
238 3691 446 3774 participium
462 3691 600 3774 perfecti
616 3691 737 3776 passivi
749 3713 824 3754 cum
840 3690 949 3754 dativo
967 3691 1184 3753 consociatum
1195 3689 1297 3774 vides,
1313 3691 1359 3752 ita
1374 3691 1474 3753 ceteri

86 3786 140 3852 loci
154 3802 283 3875 praeter
298 3815 398 3858 unum
415 3794 480 3880 (13,
496 3795 524 3876 1,
540 3795 579 3857 14
596 3798 680 3858 ‘cum
696 3795 858 3859 exereitus
874 3793 1091 3859 Macedonum
1107 3802 1154 3857 111
1170 3815 1233 3858 111
1251 3793 1398 3875 ducibus,
1414 3794 1473 3857 sed

89 3895 208 3978 regibus
223 3898 412 3982 regeretur',
434 3898 490 3962 ubi
510 3899 607 3962 etiam
625 3899 665 3962 de
686 3898 828 3962 ablativo
851 3900 993 3982 cogitare
1009 3899 1097 3979 licet)
1121 3898 1205 3962 hanc
1224 3897 1317 3962 verbi
1337 3897 1474 3963 formam

90 3997 234 4066 exhibent
248 4000 300 4066 vel
317 4024 372 4065 eas
389 4011 485 4084 certe,
507 4025 591 4088 quae
608 4025 682 4067 cum
698 4004 869 4088 participio
886 4002 1021 4088 perfecti
1035 4004 1157 4087 passivi
1173 4003 1368 4089 compositae
1385 4011 1472 4067 sunt:

89 4099 114 4185 5,
125 4104 183 4188 4,7
200 4106 413 4170 ‘desideratus
435 4107 560 4171 civibus
581 4107 667 4188 suis',
691 4107 741 4188 12,
755 4107 784 4191 6,
800 4107 841 4170 15
861 4107 915 4170 ‘illi
936 4107 1116 4192 quadriduo
1136 4117 1346 4192 perseverate
1365 4108 1474 4173 inedia

90 4207 150 4285 est’,
166 4209 214 4293 24,
227 4210 257 4293 8,
273 4211 313 4273 13
331 4211 467 4295 ‘pavidis
484 4211 572 4276 nulla
593 4211 652 4275 sub
669 4212 762 4275 tectis
782 4221 857 4277 acta
878 4213 953 4276 nox'
972 4211 1048 4297 (quo
1065 4233 1139 4275 cum
1155 4213 1224 4277 loco
1241 4211 1283 4275 cf.
1297 4213 1374 4276 Tac.
1387 4213 1472 4278 Hist.

90 4307 277 4390 5›15‘110X·
296 4365 302 4378 .
322 4365 328 4378 .
345 4317 462 4378 nostris
482 4338 540 4401 per
559 4317 640 4380 iram
661 4325 693 4380 et
712 4319 819 4380 minas
839 4317 949 4401 acta’).
982 4340 1024 4380 ex
1043 4315 1093 4380 his
1112 4318 1210 4400 igitur
1229 4316 1388 4402 exemplis
1408 4319 1475 4382 iam

91 4411 222 4503 adparet,
244 4440 343 4505 quam
364 4441 462 4505 parce
482 4419 625 4484 lustinus
645 4421 706 4485 hoc
727 4421 837 4486 dativo
857 4445 934 4486 usus
954 4423 1003 4506 sit,
1028 4443 1125 4506 quam
1144 4420 1239 4504 longe
1258 4421 1399 4485 aTaciti
1419 4422 1475 4486 illa

91 4515 194 4585 afuerit
207 4522 365 4605 libertate,
383 4545 400 4587 e
417 4525 506 4588 cuius
523 4526 650 4611 scriptis
667 4525 708 4588 ad
722 4534 852 4590 centum
865 4525 994 4610 collegit
1006 4522 1156 4610 exempla
1167 4523 1368 4590 Tillmannus
1379 4549 1411 4612 p.
1421 4526 1473 4590 91.

91 4633 199 4690 restant
214 4627 277 4692 duo
293 4627 364 4711 loci,
381 4629 414 4692 in
430 4627 547 4714 quibus
563 4629 691 4693 codices
707 4628 873 4694 fluctuant.
900 4631 986 4715 prior
997 4640 1046 4693 est
1061 4630 1087 4712 1,
1097 4629 1127 4712 2,
1139 4628 1168 4707 8,
1186 4651 1249 4715 quo
1261 4631 1295 4694 in
1307 4629 1473 4695 codicibus
