3225 5092
147 209 189 276 30

148 409 180 465 11
194 402 362 486 Nigidium
379 404 412 466 in
428 402 599 467 Penatium
615 403 739 486 origine
755 410 787 466 et
802 401 910 467 indole
925 401 1112 467 definienda
1127 406 1353 486 intercesserit,
1369 406 1498 492 profert,
1513 417 1543 469 et

147 507 166 570 l.
182 531 209 572 1.
222 529 254 592 p.
267 505 326 570 54:
347 507 419 571 ‘Die
435 507 638 570 Varronisolzc
653 507 779 570 Theorie
798 509 838 570 ist
853 509 943 570 dana
957 531 1017 571 ooo
1032 508 1181 594 Nigidius
1196 511 1297 572 wodor
1316 509 1543 596 coepobildot

146 611 286 675 worden:
305 613 449 676 wdlrroad
456 616 551 702 jener
571 613 620 676 dio
635 613 769 676 Penates
786 613 843 676 der
857 614 1009 678 Etrualcor
1023 617 1055 676 ia
1072 615 1132 677 olea
1147 625 1271 700 11191111
1283 617 1544 700 Zaaommcolronp

150 716 207 778 mit
222 716 346 802 Jupiter
361 716 501 800 gebracht
516 717 608 794 liutto,
634 715 725 780 lebrtc
744 739 787 796 or,
811 719 885 780 does
907 741 938 780 es
958 719 1380 784 111111111Ρ111111111111
1399 720 1492 804 pdbe'.
1503 771 1510 783 .
1521 772 1543 785 ..

150 819 235 883 ‘Wir
250 819 370 884 11111111
386 821 460 884 odor
476 822 535 886 dos
548 821 738 884 Verldltrriss
752 823 805 886 des
819 821 971 905 Nigidius
984 845 1022 886 za
1037 824 1135 887 Vorro
1149 828 1182 887 io
1201 825 1258 888 der
1273 825 1475 912 Auffocsunp
1493 827 1546 889 dor

148 925 317 988 taaltiaclzea
332 925 466 988 Percotes
481 928 556 990 aooli
570 947 707 1010 penauor
713 925 903 1011 featstollen.
914 927 950 991 ..’
968 937 1000 990 et
1014 937 1110 993 antea
1126 951 1157 1014 p.
1170 927 1228 992 521
1245 929 1545 1016 ί117191111111191111

149 1033 313 1115 aoceptirte
341 1030 390 1092 die
413 1053 470 1094 ooo
491 1030 594 1094 Varro
620 1043 838 1115 vorpetropcno
861 1031 1047 1118 Horleituaq
1070 1033 1125 1096 der
1143 1033 1309 1097 romiaolroo
1326 1034 1460 1096 Pouotea
1487 1058 1543 1097 aas

153 1135 249 1222 Trojo
273 1132 492 1198 oolllcornmenss
534 1135 683 1200 videmus
707 1137 807 1219 igitur
825 1135 1021 1200 Wissowam
1041 1158 1172 1222 prorsus
1190 1160 1254 1202 non
1275 1137 1435 1221 dubitare,
1460 1141 1545 1222 quin,

149 1241 175 1302 si
196 1260 260 1324 qua
276 1238 415 1302 Varroni
436 1247 468 1302 et
479 1238 609 1323 Nigidio
630 1241 815 1306 communia
831 1241 902 1320 sint,
926 1239 980 1303 hic
996 1240 1038 1304 ab
1055 1239 1107 1304 illo
1123 1250 1235 1326 utpote
1252 1244 1443 1306 auctoritate
1457 1265 1546 1327 prae-

151 1343 286 1406 cellente
303 1341 453 1428 pendeat.
486 1344 543 1408 sed
564 1365 607 1406 ex
626 1343 676 1407 his
693 1343 824 1428 quidem
839 1343 952 1428 rebus,
973 1344 1126 1429 quasillo
1146 1347 1325 1431 proposuit,
1345 1367 1548 1432 nequaquam

147 1446 246 1512 talem
264 1448 347 1510 inter
355 1446 538 1512 Varronem
559 1457 592 1511 et
605 1447 775 1531 Nigidium
794 1449 953 1513 rationem
971 1449 1174 1513 intercedere
1195 1449 1366 1533 colligitur,
1386 1461 1422 1514 ut
1440 1473 1547 1514 neces.

148 1554 231 1616 sario
246 1550 335 1615 illum
352 1552 428 1615 huic
444 1554 659 1636 praecessisse
676 1552 883 1617 statuendum
898 1554 948 1638 sit,
965 1555 1160 1618 contrarium
1175 1575 1251 1617 vero
1268 1555 1347 1638 fingi
1362 1577 1426 1619 non
1440 1555 1545 1619 liceat.

149 1678 256 1744 neque
272 1657 400 1720 omnino
417 1655 596 1721 Wissowae
617 1659 776 1721 sententia
797 1656 840 1720 ad
860 1665 1043 1741 temporum
1063 1659 1204 1721 rationes
1228 1658 1390 1743 quadrare
1409 1659 1545 1723 videtur.

147 1782 233 1846 nam,
259 1783 299 1823 ne
323 1759 356 1823 id
376 1781 538 1844 opponam
570 1761 685 1841 exiis,
714 1782 796 1845 quae
818 1783 916 1845 supra
935 1783 967 1845 p.
985 1760 1026 1824 27
1047 1761 1228 1846 disputavi,
1258 1765 1283 1826 si
1308 1763 1437 1848 quidem
1462 1774 1549 1827 recte

147 1887 166 1928 1
181 1886 233 1928 me
250 1863 415 1949 disputata
430 1873 513 1948 sunt,
531 1865 683 1950 consequi
696 1851 875 1929 Varronem
891 1864 1014 1949 Nigidii
1031 1888 1110 1950 opus
1123 1865 1340 1950 theologicum
1352 1869 1547 1952 respexisse:

149 1978 248 2050 certe,
276 1991 349 2031 cum
368 1956 597 2054 ‘Antiquitates
613 1991 721 2033 rerum
739 1969 931 2034 divinarum'
952 1979 1092 2034 exeunte
1107 1994 1136 2034 a.
1154 1971 1368 2035 XXXXVII.
1386 1994 1414 2035 1.
1428 1971 1503 2036 Chr.
1517 1996 1548 2036 n.

149 2071 315 2136 confectae
325 2074 398 2155 sint,
411 2075 479 2138 veri
488 2073 590 2138 simile
599 2095 661 2137 non
670 2083 718 2138 est
725 2074 891 2159 Nigidium
901 2073 1031 2138 demum
1040 2084 1113 2160 post
1122 2097 1176 2139 eas
1188 2075 1292 2140 editas
1300 2099 1364 2140 uno
1373 2098 1466 2157 anno,
1476 2077 1548 2140 dico

149 2176 435 2261 quadragesimum
451 2186 588 2262 sextum,
605 2217 644 2226 -
658 2201 734 2242 nam
749 2201 777 2243 a.
790 2178 971 2243 XXXXV.
988 2189 1132 2244 mortuus
1148 2189 1206 2260 est,
1219 2218 1261 2226 —
1275 2179 1490 2266 exulantem1)
1503 2190 1551 2244 tot

146 2280 245 2344 libros
270 2280 320 2344 ‘de
344 2281 413 2344 diis'
440 2284 656 2367 composuisse
690 2291 721 2346 et
748 2282 790 2346 ad
821 2305 876 2347 eos
905 2284 1143 2366 componendos
1167 2305 1247 2368 opus
1271 2283 1427 2348 Varronis
1450 2284 1544 2347 modo

147 2384 268 2448 Romae
295 2385 418 2449 editum
445 2386 474 2448 ei
500 2386 564 2448 iam
592 2394 719 2470 praesto
746 2385 856 2452 fuisse.
898 2386 981 2451 haec
1008 2397 1120 2451 contra
1141 2387 1322 2452 Wissowae
1348 2389 1546 2472 aliorumque

147 2490 330 2571 opinionem
346 2489 601 2575 praeindicatam
618 2489 790 2570 sufficiant.

251 2593 321 2658 Iam
336 2593 378 2658 ad
394 2593 519 2679 reliqua
534 2577 658 2679 Nigidii
675 2616 772 2680 opera
788 2593 970 2679 theologica
985 2595 1240 2680 progrediamur.
1275 2605 1313 2658 ut
1327 2597 1412 2660 enim
1427 2597 1461 2660 in
1476 2595 1548 2675 hoc,

148 2696 189 2760 de
210 2719 272 2782 quo
293 2697 388 2762 modo
409 2700 548 2781 egimus,
573 2720 670 2784 opere
690 2699 733 2763 ad
754 2699 888 2763 deorum
914 2701 1130 2783 cognitionem
1151 2701 1347 2784 pertinente,
1372 2699 1462 2763 illum
1482 2722 1547 2763 non

147 2800 251 2865 solum
277 2823 387 2866 eorum
415 2803 618 2868 definitiones
645 2806 866 2888 proposuisse,
898 2804 955 2867 sed
986 2806 1084 2868 etiam
1115 2804 1221 2867 cultus
1248 2806 1459 2867 caerimonias
1484 2826 1549 2868 non

122 2949 123 2954 .
143 2905 331 2988 neglexisse
348 2929 366 2970 e
378 2907 560 2990 fragmento
573 2908 660 2994 apud
672 2908 814 2973 Nonium
825 2931 850 2973 s.
860 2930 890 2972 v.
902 2907 1005 2972 ‘Liba'
1019 2930 1050 2993 p.
1059 2906 1133 2992 210,
1147 2907 1189 2971 30
1201 2917 1329 2972 servato
1342 2907 1549 2991 intellegitur,

151 3011 196 3073 ita
208 3013 303 3075 etiam
318 3013 346 3074 ei
358 3011 540 3096 theologiae
552 3015 647 3097 parti,
664 3034 746 3097 quae
758 3013 801 3076 ad
813 3011 979 3076 hominum
991 3034 1084 3076 usum
1097 3012 1277 3096 spectabat,
1289 3051 1332 3058 -
1344 3012 1552 3076 divinationis

147 3117 238 3177 varia
253 3135 374 3196 genera
389 3115 463 3180 dico
480 3155 519 3164 -
536 3121 594 3180 toti
612 3117 827 3201 exponendae
842 3138 975 3201 operam
991 3115 1090 3180 dedit.
1123 3137 1219 3201 quam
1235 3128 1304 3180 arte
1325 3120 1412 3180 enim
1429 3118 1552 3181 divina-

147 3219 266 3281 tionem
295 3241 368 3283 cum
400 3219 534 3285 deorum
562 3223 824 3306 interpretatione
855 3220 1026 3285 cohaerere
1055 3220 1205 3304 Nigidius
1235 3224 1480 3305 existimaverit,
1510 3244 1553 3285 ex

148 3320 254 3385 Servii
275 3324 395 3388 scholio
416 3324 458 3387 ad
478 3325 561 3389 Aen.
574 3325 618 3407 X,
638 3325 700 3389 175
721 3326 949 3410 comperimus:
978 3326 1148 3410 ‘interpres
1169 3326 1311 3390 medium
1331 3335 1393 3390 est:
1420 3349 1499 3390 nam
1521 3338 1553 3390 et

65 3416 67 3420 ’
148 3424 283 3490 deorum
307 3429 537 3514 interpretator
556 3441 589 3492 et
611 3429 785 3510 hominum,
807 3429 925 3514 quibus
945 3428 1072 3492 divinas
1092 3430 1215 3494 indicat
1233 3439 1367 3512 mentes,
1389 3433 1554 3516 interpres

150 3540 294 3594 vocatur.
324 3542 356 3594 et
372 3533 560 3614 notandum,
577 3534 663 3618 quod
680 3535 725 3597 ait
736 3533 886 3617 Nigidius
899 3532 1043 3617 Figulus,
1060 3533 1118 3597 has
1133 3545 1220 3598 artes
1236 3537 1280 3598 ita
1294 3537 1378 3598 inter
1393 3557 1465 3598 sese
1481 3558 1555 3599 1111

149 3636 346 3719 1111111111,
369 3646 404 3699 ut
420 3635 557 3700 alterum
575 3639 642 3700 sine
659 3637 760 3701 altero
777 3659 926 3701 essenon
942 3638 1063 3723 possit.'
1095 3659 1177 3722 quae
1193 3638 1305 3720 verba,
1326 3640 1352 3702 si
1369 3640 1555 3703 considera-

148 3740 246 3819 veris,
278 3738 372 3804 facile
404 3739 463 3804 tibi
489 3741 701 3826 persuadebis
728 3740 896 3824 Nigidium
928 3740 986 3804 has
1017 3752 1104 3806 artes
1136 3744 1415 3807 coniunctissimas
1448 3746 1552 3808 etiam

148 3842 300 3926 operibus
327 3845 412 3907 inter
436 3867 469 3908 se
495 3845 733 3930 excipientibus
759 3854 927 3910 tractasse.
963 3847 1073 3930 itaque
1098 3856 1171 3931 post
1197 3869 1277 3933 opus
1303 3847 1354 3910 ‘de
1381 3848 1453 3912 diis'
1480 3871 1555 3934 per-

149 3945 271 4010 fectum
296 3947 349 4011 ille
369 3947 469 4012 libros
490 3949 546 4012 ‘de
566 3949 736 4034 augurio’
762 3952 994 4035 conscripsisse
1016 3950 1155 4032 videtur,
1181 3953 1271 4014 cuius
1294 3953 1401 4037 operis
1420 3965 1559 4038 praeter

148 4049 250 4114 verba
258 4051 353 4117 modo
363 4062 621 4136 commemorata,
639 4045 807 4139 siquidem,
821 4065 857 4119 ut
865 4055 1025 4137 videntur,
1042 4054 1084 4118 ad
1096 4054 1249 4140 hocopus
1261 4059 1434 4140 pertinent,
1450 4081 1556 4122 unum

149 4161 276 4220 tantum
291 4157 507 4241 fragmentum
526 4161 578 4222 ‘ex
592 4157 675 4226 libro
691 4160 795 4245 primo
812 4161 938 4243 augurii
953 4159 1082 4245 privati'
1099 4159 1293 4246 sumptum2)
1306 4161 1392 4246 apud
1406 4161 1555 4226 Gellium

254 4332 272 4396 ¹)
286 4330 325 4381 cf.
337 4331 391 4382 Cic.
404 4333 438 4382 ad
447 4333 521 4384 Fam.
533 4333 650 4397 1111,1a;
663 4333 1098 4400 Κ11111110111111.111ςί113121.
1347 4406 1350 4412 Ι

254 4417 274 4482 ²)
288 4417 342 4468 Gur
355 4419 516 4486 Roehrigius
528 4421 546 4470 l.
557 4437 578 4473 c.
590 4437 615 4488 p.
626 4424 658 4470 49
672 4436 712 4484 ea,
727 4435 795 4486 quae
808 4422 970 4471 Martianum
982 4421 1090 4487 Nigidio
1108 4421 1206 4471 debere
1222 4423 1344 4484 vidimus,
1362 4424 1397 4472 ad
1413 4424 1466 4474 hoc
1485 4441 1558 4491 opus

149 4519 228 4568 quam
250 4504 284 4554 ad
304 4505 388 4556 libros
408 4506 442 4556 de
463 4506 513 4558 diis
535 4508 634 4558 referre
651 4507 783 4570 maluerit,
804 4524 860 4558 non
877 4508 1017 4573 adsequor.
1043 4509 1557 4576 111111111111111-00111111111111111.

148 4591 327 4643 Staatsverw!
336 4593 385 4657 111,
396 4611 420 4660 p.
432 4597 491 4657 413,
502 4595 626 4646 Muelleri
635 4595 709 4646 ‘Ets’
718 4596 753 4658 Π,
763 4613 788 4662 p.
801 4599 849 4647 165
860 4613 899 4663 sq.
