3225 5092
636 744 688 810 lle
705 744 905 810 accusativi
922 763 1002 810 usu.

588 910 637 962 De
653 909 847 964 accusativo
863 909 1056 964 transitivo.

229 1057 282 1120 De
297 1059 474 1122 accusativi
489 1080 549 1121 usu
562 1056 733 1122 disserenti
748 1058 890 1122 exordiri
902 1058 980 1122 mihi
991 1057 1088 1122 liceat
1099 1057 1141 1122 ab
1154 1061 1199 1122 eis
1212 1057 1331 1143 verbis,
1347 1079 1517 1144 quaecum

127 1160 169 1225 ab
194 1163 321 1247 optimis
341 1163 550 1247 scriptoribus
573 1163 776 1226 intransitive
795 1170 1001 1247 usurpentur,
1026 1161 1115 1248 apud
1134 1162 1293 1227 Iustinum
1317 1164 1519 1227 transitivum

128 1267 291 1352 accipiunt
306 1268 468 1332 notionem
482 1267 619 1354 ideoque
635 1269 668 1332 in
684 1267 794 1332 formis
807 1268 922 1331 activis
935 1289 1010 1331 cum
1021 1268 1206 1332 accusativo
1222 1269 1468 1353 coniunguntur,
1485 1270 1519 1331 in

126 1371 258 1456 passivo
280 1391 398 1454 genere
422 1370 631 1457 personaliter
650 1371 856 1437 adhibentur.
887 1371 1213 1437 animadvertendum
1232 1382 1341 1436 autem
1362 1382 1411 1436 est
1431 1372 1519 1458 apud

128 1474 287 1538 Iustinum
307 1497 371 1538 non
396 1498 501 1561 pauca
519 1475 623 1541 verba
648 1475 711 1540 huc
732 1476 912 1562 spectantia
932 1479 965 1539 in
990 1474 1055 1540 solo
1078 1475 1204 1559 genere
1220 1479 1349 1561 passivo
1368 1477 1519 1561 inveniri,

128 1577 248 1642 formas
267 1582 391 1643 activas
412 1601 488 1644 vero
507 1588 564 1645 aut
584 1582 711 1645 omnino
732 1602 796 1644 non
815 1581 890 1665 legi,
911 1590 967 1644 aut
988 1589 1076 1644 certe
1096 1582 1151 1662 ita,
1173 1589 1207 1644 ut
1227 1603 1291 1645 non
1305 1581 1461 1646 recedant
1477 1580 1518 1645 ab
1594 1644 1595 1647 ,

129 1684 322 1768 optimorum
338 1685 530 1768 scriptorum
546 1683 676 1749 dicendi
692 1685 935 1750 consuetudine.
968 1684 1033 1749 huc
1053 1686 1192 1770 primum
1208 1694 1335 1770 spectat
1353 1687 1521 1770 passivum

128 1786 221 1852 verbi
232 1788 469 1873 triumphare
486 1788 516 1870 2,
532 1787 581 1874 15,
597 1789 637 1852 12
649 1788 759 1853 ‘veluti
775 1788 979 1874 triumphatis
992 1788 1160 1872 Spartanis
1175 1812 1195 1852 a
1211 1789 1336 1854 civibus
1348 1790 1519 1874 excipitur'

130 1902 161 1954 et
172 1892 223 1976 41,
239 1893 267 1974 1,
279 1891 300 1956 5
313 1892 484 1978 ‘postremo
495 1893 732 1958 Macedonibus
744 1893 941 1978 triumphato
954 1893 1087 1958 Oriente
1100 1895 1300 1959 servierunt'.
1321 1894 1415 1959 huius
1428 1894 1521 1959 verbi

128 1998 295 2080 passivum
311 1998 522 2082 personaliter
533 1997 657 2062 dictum
672 2020 735 2062 non
752 1998 854 2063 solum
865 1998 954 2082 apud
968 2007 1081 2083 poetas
1093 2002 1208 2063 aetatis
1221 1999 1408 2082 Augusteae
1419 1999 1523 2062 veluti

129 2100 228 2184 Verg.
240 2100 324 2166 Aen.
338 2102 367 2184 6,
385 2101 447 2166 836
469 2102 531 2166 ‘ille
546 2102 745 2188 triumphata
760 2101 920 2188 Capitolia
936 2103 977 2166 ad
994 2102 1059 2167 alta
1075 2103 1226 2168 Corintho
1242 2106 1347 2167 victor
1362 2112 1438 2186 aget
1453 2125 1522 2167 1111-

129 2205 222 2287 rum’,
238 2205 317 2272 Hor.
331 2205 366 2271 C.
381 2207 410 2289 3,
424 2207 453 2284 3,
466 2207 509 2270 43
521 2207 799 2292 ‘triumphatisque
815 2209 916 2292 possit
927 2208 1030 2272 Roma
1045 2208 1137 2272 ferox
1149 2207 1228 2272 dare
1239 2209 1309 2271 iura
1320 2207 1446 2289 Medis',
1463 2207 1523 2270 sed

130 2313 228 2376 etiam
243 2312 331 2396 apud
342 2311 493 2376 Tacitum
509 2321 541 2376 11
552 2312 685 2377 Florum
700 2313 877 2376 invenitur:
895 2312 1298 2397 11.Τ11.Α111.12,191111
1312 2313 1523 2398 triumphare-

129 2415 211 2499 tur',
223 2415 309 2479 Flor.
322 2415 352 2498 2,
367 2417 416 2498 13,
430 2415 472 2480 20
485 2421 553 2504 ‘per
564 2417 795 2503 triumphatum
808 2440 828 2479 a
840 2439 874 2480 sc
887 2439 976 2481 mare
990 2469 996 2481 .
1012 2469 1018 2481 .
1034 2467 1040 2480 .
1053 2417 1220 2502 fugiebat'.
1242 2425 1403 2483 structura
1414 2419 1524 2482 activa

131 2519 341 2604 ‘triumphare
357 2521 506 2606 aliquem’
523 2524 556 2585 in
571 2523 685 2586 Iustini
700 2521 791 2586 libris
811 2544 875 2587 non
895 2531 1012 2604 exstat,
1033 2523 1205 2607 peculiaris
1225 2531 1274 2586 111
1294 2521 1523 2608 posterioribus

131 2623 339 2710 temporibus.
375 2625 511 2710 legimus
539 2648 611 2690 cam
637 2625 725 2712 apud
752 2626 894 2691 Trebell.
922 2625 1003 2691 Poll.
1031 2629 1102 2711 trig.
1131 2635 1192 2712 tyr.
1221 2626 1273 2709 30,
1299 2626 1320 2691 5
1342 2626 1379 2690 P.
1411 2627 1522 2690 ‘Zeno-
1594 2618 1595 2623 ¹

130 2729 219 2794 biam
237 2730 474 2814 triumphando’
491 2739 524 2794 et
543 2731 631 2817 apud
648 2732 820 2816 scriptores
837 2731 958 2796 sacculi
974 2733 1078 2817 quarti
1095 2741 1127 2794 11
1147 2733 1285 2795 ineuntis
1306 2731 1408 2817 quinti
1432 2730 1523 2794 velut

131 2833 293 2899 Gaudent.
304 2835 394 2900 Brix.
404 2843 496 2899 tract.
510 2835 550 2900 10
563 2838 707 2901 ‘mortem
719 2836 780 2919 tr.',
798 2837 887 2917 alios,
900 2836 941 2900 de
954 2836 1070 2921 quibus
1083 2837 1121 2900 cf.
1131 2835 1166 2901 O.
1176 2835 1384 2900 Pauckcrum
1397 2839 1432 2900 in
1448 2835 1521 2920 eph.

130 2960 242 3024 gymn.
259 2939 369 3004 Austr.
386 2963 414 3004 a.
434 2939 525 3018 1881,
548 2963 578 3026 p.
595 2940 668 3005 493.
700 2941 816 3005 eodem
835 2940 930 3004 modo
950 2940 1038 3026 apud
1053 2940 1211 3004 Iustinum
1233 2950 1408 3024 usurpatur
1421 2942 1522 3024 passi-

131 3065 209 3108 vum
230 3042 322 3108 verbi
340 3045 576 3129 persuadere
597 3044 627 3127 2,
651 3045 699 3127 11,
723 3045 763 3108 14
787 3043 876 3109 ‘nihil
896 3054 966 3109 erat
985 3044 1119 3108 difficile
1142 3045 1339 3130 persuadere
1359 3047 1522 3130 persuasis
1594 3044 1596 3052 ⁸

131 3148 232 3232 mori',
257 3168 452 3234 quamquam
474 3149 587 3213 eodem
606 3151 675 3234 ipso
695 3148 765 3213 loco
787 3158 819 3211 et
840 3151 954 3214 ceteris
976 3149 1124 3214 omnibus
1146 3149 1191 3234 (2,
1215 3149 1264 3231 12,
1287 3149 1341 3228 14;
1362 3149 1392 3233 3,
1412 3148 1443 3232 4,
1466 3149 1521 3230 133

134 3253 183 3337 13,
201 3252 230 3337 8,
245 3252 281 3340 5)
297 3255 405 3318 activa
420 3252 515 3317 huius
530 3252 623 3317 verbi
643 3253 746 3318 forma
763 3253 942 3318 secundum
956 3253 1072 3338 legem,
1094 3275 1191 3338 quam
1207 3252 1438 3337 elegantissimi
1458 3274 1522 3316 ser-

131 3358 254 3424 vabant
275 3359 454 3443 scriptores,
477 3380 551 3422 cum
572 3357 680 3422 dativo
701 3367 887 3422 constructa
906 3360 1077 3423 invenitur.
1108 3358 1190 3422 hacc
1209 3360 1308 3441 igitur
1326 3366 1487 3421 structura
1503 3379 1523 3419 a

132 3465 286 3530 sermonis
301 3461 418 3526 urbani
433 3483 522 3526 more
538 3463 703 3548 recedens,
720 3463 912 3547 quibuscum
928 3463 1138 3548 scriptoribus
1150 3463 1273 3527 Iustino
1286 3464 1329 3525 sit
1345 3463 1522 3527 communis

133 3571 159 3634 si
175 3569 367 3655 quaerimus,
388 3567 476 3653 apud
495 3566 565 3631 illos
585 3569 784 3652 potissimum
805 3590 877 3633 eam
892 3570 1080 3652 reperimus,
1102 3589 1237 3654 quorum
1259 3588 1438 3631 sermonem
1454 3565 1521 3629 vul-

133 3696 245 3758 garem
264 3673 425 3758 quendam
446 3680 572 3738 constat
595 3695 673 3758 prae
694 3695 728 3736 se
748 3672 834 3738 ferre
859 3674 1007 3738 colorem.
1043 3674 1089 3736 ita
1108 3673 1248 3757 loquitur
1270 3671 1412 3737 Caecina
1433 3670 1521 3756 apud

134 3778 201 3844 Cio.
217 3779 309 3842 Fam.
326 3777 356 3859 6,
374 3778 439 3861 ’1,2
462 3780 497 3842 ‘si
517 3780 577 3842 scit
597 3785 629 3840 et
648 3801 822 3864 persuasus
842 3779 911 3842 est'.
944 3780 1090 3843 conferas
1110 3776 1228 3840 deinde
1247 3775 1323 3840 bell.
1339 3775 1411 3841 Afr.
1426 3775 1479 3857 55,
1504 3775 1520 3837 1

134 3885 281 3969 ‘quorum
297 3884 485 3947 auctoritate
500 3883 595 3947 facile
612 3881 744 3947 adducti
757 3882 968 3968 Caesarisque
981 3883 1109 3946 nomine
1125 3881 1292 3965 persuasi',
1309 3880 1417 3945 Valer.
1430 3880 1521 3942 Max.

134 3989 164 4073 3,
178 3987 207 4071 8,
223 3989 239 4050 1
254 3985 411 4074 ‘Capuam
425 4039 431 4051 .
447 4039 453 4050 .
469 3987 696 4073 persuasam,
713 3987 843 4051 Patron.
857 3985 897 4050 81
910 3987 948 4050 Β.
963 3987 993 4050 ‘a
1004 3996 1106 4051 matre
1119 4007 1293 4070 persuasus
1306 3985 1374 4066 est',
1387 3982 1521 4049 Tertull.

20 4171 22 4186 .
134 4091 347 4163 adealent.
365 4093 395 4177 9,
411 4092 450 4156 12
465 4092 509 4156 Μ.
525 4091 655 4178 ‘Sophia
670 4092 813 4177 periculo
830 4101 983 4179 exempta
998 4101 1031 4156 et
1045 4092 1138 4156 tarde
1153 4091 1329 4176 persuasa’.
1360 4089 1409 4154 his
1425 4092 1522 4174 igitur

134 4197 212 4262 locis
228 4198 383 4281 respectis
399 4198 457 4260 vix
472 4219 579 4262 errare
595 4197 688 4262 nobis
704 4195 862 4279 videmur,
882 4198 909 4261 si
925 4197 1009 4260 hanc
1026 4205 1220 4281 structuram
1242 4196 1380 4260 sermoni
1395 4195 1523 4278 vulgari
1594 4184 1596 4207 ³

134 4301 341 4366 tribuendam
350 4323 419 4366 esse
432 4303 660 4366 existimamus.
677 4310 711 4364 at
719 4299 890 4366 Guerickii
901 4303 922 4386 ¹)
932 4302 1036 4385 magis
1045 4322 1082 4364 eo
1090 4300 1224 4364 inclinat
1232 4302 1367 4376 animus,
1377 4309 1413 4362 ut
1423 4301 1521 4384 passi·
1594 4370 1595 4377 ¹

134 4431 212 4472 vum
223 4406 434 4494 personaliter
444 4408 585 4493 positum
596 4405 756 4472 urbanum
768 4406 951 4491 arbitretur,
965 4429 1039 4470 cum
1051 4428 1112 4469 non
1125 4405 1228 4469 solum
1240 4403 1328 4490 apud
1337 4404 1521 4468 Petronium
1594 4454 1595 4457 .

240 4640 259 4706 ¹)
278 4658 302 4706 p.
317 4641 357 4690 52.
