<?xml version="1.0" encoding="UTF-8"?>
<!DOCTYPE html PUBLIC "-//W3C//DTD XHTML 1.0 Transitional//EN"
    "http://www.w3.org/TR/xhtml1/DTD/xhtml1-transitional.dtd">
<html xmlns="http://www.w3.org/1999/xhtml" xml:lang="en" lang="en">
 <head>
  <title>
</title>
<meta http-equiv="Content-Type" content="text/html;charset=utf-8" />
  <meta name='ocr-system' content='tesseract 3.04.00' />
  <meta name='ocr-capabilities' content='ocr_page ocr_carea ocr_par ocr_line ocrx_word'/>
</head>
<body>
  <div class='ocr_page' id='page_1' title='image "./dissertationesp06wiengoog_0108.png"; bbox 0 0 3225 5092; ppageno 0'>
   <div class='ocr_carea' id='block_1_1' title="bbox 1434 238 1592 341">
    <p class='ocr_par' dir='ltr' id='par_1_1' title="bbox 1434 190 1592 341">
     <span class='ocr_line' id='line_1_1' title="bbox 1434 238 1592 341; baseline 0 -41"><span class='ocrx_word' id='word_1_1' title='bbox 1434 238 1592 341; x_wconf 24' lang='grc'>01,</span> 
     </span>
    </p>
   </div>
   <div class='ocr_carea' id='block_1_2' title="bbox 95 424 1592 1347">
    <p class='ocr_par' dir='ltr' id='par_1_2' title="bbox 95 424 1592 1347">
     <span class='ocr_line' id='line_1_2' title="bbox 97 424 1591 514; baseline 0.006 -28"><span class='ocrx_word' id='word_1_2' title='bbox 97 425 135 486; x_wconf 86' lang='grc'>110</span> <span class='ocrx_word' id='word_1_3' title='bbox 152 424 265 488; x_wconf 85' lang='lat' dir='ltr'>talibus</span> <span class='ocrx_word' id='word_1_4' title='bbox 286 425 495 490; x_wconf 80' lang='lat' dir='ltr'><strong>substantivis</strong></span> <span class='ocrx_word' id='word_1_5' title='bbox 519 430 662 512; x_wconf 90' lang='lat' dir='ltr'>genetivi</span> <span class='ocrx_word' id='word_1_6' title='bbox 684 428 755 493; x_wconf 90' lang='grc'>1000</span> <span class='ocrx_word' id='word_1_7' title='bbox 780 431 876 492; x_wconf 85' lang='lat' dir='ltr'>etiam</span> <span class='ocrx_word' id='word_1_8' title='bbox 897 427 1059 494; x_wconf 87' lang='lat' dir='ltr'>adiectiva</span> <span class='ocrx_word' id='word_1_9' title='bbox 1078 428 1286 513; x_wconf 84' lang='lat' dir='ltr'>adponuntur</span> <span class='ocrx_word' id='word_1_10' title='bbox 1308 438 1404 514; x_wconf 90' lang='lat' dir='ltr'>atque</span> <span class='ocrx_word' id='word_1_11' title='bbox 1428 451 1476 511; x_wconf 91' lang='grc'>00,</span> <span class='ocrx_word' id='word_1_12' title='bbox 1590 428 1591 431; x_wconf 47' lang='lat'>&#39;</span> 
     </span>
     <span class='ocr_line' id='line_1_3' title="bbox 96 529 1592 620; baseline 0.004 -30"><span class='ocrx_word' id='word_1_13' title='bbox 96 549 168 610; x_wconf 86' lang='lat' dir='ltr'>quae</span> <span class='ocrx_word' id='word_1_14' title='bbox 179 529 332 614; x_wconf 90' lang='lat' dir='ltr'>populum</span> <span class='ocrx_word' id='word_1_15' title='bbox 345 531 506 620; x_wconf 76' lang='lat' dir='ltr'>quendam</span> <span class='ocrx_word' id='word_1_16' title='bbox 518 532 709 616; x_wconf 88' lang='lat' dir='ltr'>significant,</span> <span class='ocrx_word' id='word_1_17' title='bbox 726 531 840 596; x_wconf 86' lang='lat' dir='ltr'>veluti:</span> <span class='ocrx_word' id='word_1_18' title='bbox 857 532 909 614; x_wconf 84' lang='lat'>31,</span> <span class='ocrx_word' id='word_1_19' title='bbox 917 531 977 615; x_wconf 83' lang='lat'>4,8</span> <span class='ocrx_word' id='word_1_20' title='bbox 991 533 1143 616; x_wconf 70' lang='lat' dir='ltr'>ignarus,</span> <span class='ocrx_word' id='word_1_21' title='bbox 1160 532 1246 618; x_wconf 89' lang='lat' dir='ltr'>quod</span> <span class='ocrx_word' id='word_1_22' title='bbox 1262 532 1477 597; x_wconf 77' lang='lat' dir='ltr'>familiaritate</span> <span class='ocrx_word' id='word_1_23' title='bbox 1590 542 1592 587; x_wconf 76' lang='grc' dir='ltr'>ὲ</span> 
     </span>
     <span class='ocr_line' id='line_1_4' title="bbox 96 631 1591 723; baseline 0.006 -29"><span class='ocrx_word' id='word_1_24' title='bbox 96 631 229 698; x_wconf 85' lang='lat' dir='ltr'>Romana</span> <span class='ocrx_word' id='word_1_25' title='bbox 244 633 352 698; x_wconf 90' lang='lat' dir='ltr'>odium</span> <span class='ocrx_word' id='word_1_26' title='bbox 369 634 428 698; x_wconf 91' lang='lat' dir='ltr'>sibi</span> <span class='ocrx_word' id='word_1_27' title='bbox 449 636 536 720; x_wconf 88' lang='lat' dir='ltr'>apud</span> <span class='ocrx_word' id='word_1_28' title='bbox 557 658 668 720; x_wconf 88' lang='lat' dir='ltr'>regem</span> <span class='ocrx_word' id='word_1_29' title='bbox 687 637 833 718; x_wconf 88' lang='lat' dir='ltr'>crearet&#39;,</span> <span class='ocrx_word' id='word_1_30' title='bbox 854 636 1203 717; x_wconf 49' lang='grc' dir='ltr'>4013110010οο1ωο</span> <span class='ocrx_word' id='word_1_31' title='bbox 1223 646 1352 723; x_wconf 86' lang='lat' dir='ltr'>praeter</span> <span class='ocrx_word' id='word_1_32' title='bbox 1372 637 1478 702; x_wconf 90' lang='lat' dir='ltr'>dome·</span> <span class='ocrx_word' id='word_1_33' title='bbox 1588 684 1591 693; x_wconf 41' lang='lat'><strong>1</strong></span> 
     </span>
     <span class='ocr_line' id='line_1_5' title="bbox 96 737 1591 827; baseline 0.007 -30"><span class='ocrx_word' id='word_1_34' title='bbox 96 737 179 801; x_wconf 86' lang='lat' dir='ltr'>sticas</span> <span class='ocrx_word' id='word_1_35' title='bbox 189 739 274 801; x_wconf 89' lang='lat' dir='ltr'>vires</span> <span class='ocrx_word' id='word_1_36' title='bbox 291 748 323 802; x_wconf 89' lang='lat' dir='ltr'>et</span> <span class='ocrx_word' id='word_1_37' title='bbox 334 738 487 803; x_wconf 88' lang='lat' dir='ltr'>Parthica</span> <span class='ocrx_word' id='word_1_38' title='bbox 504 741 656 804; x_wconf 89' lang='lat' dir='ltr'>societate</span> <span class='ocrx_word' id='word_1_39' title='bbox 674 750 705 804; x_wconf 91' lang='lat' dir='ltr'>et</span> <span class='ocrx_word' id='word_1_40' title='bbox 716 741 914 804; x_wconf 89' lang='lat' dir='ltr'>Mithridatis</span> <span class='ocrx_word' id='word_1_41' title='bbox 926 739 1114 804; x_wconf 88' lang='lat' dir='ltr'>adfinitate’.</span> <span class='ocrx_word' id='word_1_42' title='bbox 1137 740 1187 804; x_wconf 93' lang='lat' dir='ltr'>his</span> <span class='ocrx_word' id='word_1_43' title='bbox 1200 743 1355 827; x_wconf 86' lang='lat' dir='ltr'>expositis</span> <span class='ocrx_word' id='word_1_44' title='bbox 1367 752 1477 824; x_wconf 85' lang='lat' dir='ltr'>restat,</span> <span class='ocrx_word' id='word_1_45' title='bbox 1590 754 1591 759; x_wconf 76' lang='grc'>’</span> 
     </span>
     <span class='ocr_line' id='line_1_6' title="bbox 95 843 1591 929; baseline 0.007 -30"><span class='ocrx_word' id='word_1_46' title='bbox 95 848 124 900; x_wconf 87' lang='grc'>01</span> <span class='ocrx_word' id='word_1_47' title='bbox 139 863 378 908; x_wconf 84' lang='lat' dir='ltr'>commemorem</span> <span class='ocrx_word' id='word_1_48' title='bbox 389 843 681 929; x_wconf 82' lang='lat' dir='ltr'>frequentissimam</span> <span class='ocrx_word' id='word_1_49' title='bbox 694 845 929 908; x_wconf 87' lang='lat' dir='ltr'>adiectivorum</span> <span class='ocrx_word' id='word_1_50' title='bbox 941 845 983 908; x_wconf 89' lang='lat' dir='ltr'>ad</span> <span class='ocrx_word' id='word_1_51' title='bbox 996 867 1149 929; x_wconf 85' lang='lat' dir='ltr'>personas</span> <span class='ocrx_word' id='word_1_52' title='bbox 1161 846 1391 929; x_wconf 90' lang='lat' dir='ltr'>pertinentium</span> <span class='ocrx_word' id='word_1_53' title='bbox 1403 867 1478 910; x_wconf 88' lang='lat' dir='ltr'>eum</span> <span class='ocrx_word' id='word_1_54' title='bbox 1590 850 1591 855; x_wconf 73' lang='grc'>’</span> 
     </span>
     <span class='ocr_line' id='line_1_7' title="bbox 96 935 1591 1034; baseline 0.004 -28"><span class='ocrx_word' id='word_1_55' title='bbox 96 944 285 1012; x_wconf 90' lang='lat' dir='ltr'>substantivo</span> <span class='ocrx_word' id='word_1_56' title='bbox 306 935 445 1012; x_wconf 87' lang='lat' dir='ltr'>‘bellurn&#39;</span> <span class='ocrx_word' id='word_1_57' title='bbox 467 950 663 1032; x_wconf 89' lang='lat' dir='ltr'>iuncturam,</span> <span class='ocrx_word' id='word_1_58' title='bbox 690 971 753 1034; x_wconf 90' lang='lat' dir='ltr'>qua</span> <span class='ocrx_word' id='word_1_59' title='bbox 776 949 974 1014; x_wconf 88' lang='lat' dir='ltr'>adverbialis</span> <span class='ocrx_word' id='word_1_60' title='bbox 995 951 1186 1034; x_wconf 86' lang='lat' dir='ltr'>exprimitur</span> <span class='ocrx_word' id='word_1_61' title='bbox 1205 952 1300 1014; x_wconf 86' lang='lat' dir='ltr'>ratio:</span> <span class='ocrx_word' id='word_1_62' title='bbox 1320 949 1372 1034; x_wconf 98' lang='grc'>29,</span> <span class='ocrx_word' id='word_1_63' title='bbox 1388 950 1419 1034; x_wconf 95' lang='grc'>4,</span> <span class='ocrx_word' id='word_1_64' title='bbox 1439 951 1476 1012; x_wconf 93' lang='grc'>11</span> <span class='ocrx_word' id='word_1_65' title='bbox 1590 936 1591 941; x_wconf 25' lang='lat'>¹</span> 
     </span>
     <span class='ocr_line' id='line_1_8' title="bbox 97 1048 1478 1140; baseline 0.004 -28"><span class='ocrx_word' id='word_1_66' title='bbox 97 1048 213 1115; x_wconf 84' lang='lat' dir='ltr'>‘bellurn</span> <span class='ocrx_word' id='word_1_67' title='bbox 229 1052 497 1133; x_wconf 86' lang='lat' dir='ltr'>Macedonicum&#39;,</span> <span class='ocrx_word' id='word_1_68' title='bbox 516 1053 567 1138; x_wconf 84' lang='lat'>30,</span> <span class='ocrx_word' id='word_1_69' title='bbox 580 1055 611 1128; x_wconf 91' lang='grc'>4,</span> <span class='ocrx_word' id='word_1_70' title='bbox 627 1054 666 1116; x_wconf 87' lang='grc'>18</span> <span class='ocrx_word' id='word_1_71' title='bbox 685 1054 840 1118; x_wconf 81' lang='lat' dir='ltr'>‘Romana</span> <span class='ocrx_word' id='word_1_72' title='bbox 856 1054 963 1134; x_wconf 90' lang='lat' dir='ltr'>bella&#39;,</span> <span class='ocrx_word' id='word_1_73' title='bbox 985 1054 1080 1138; x_wconf 95' lang='grc'>32,1,</span> <span class='ocrx_word' id='word_1_74' title='bbox 1096 1055 1112 1116; x_wconf 87' lang='grc'>1</span> <span class='ocrx_word' id='word_1_75' title='bbox 1130 1054 1406 1140; x_wconf 56' lang='grc' dir='ltr'>(1000110000οζ</span> <span class='ocrx_word' id='word_1_76' title='bbox 1427 1054 1478 1138; x_wconf 84' lang='grc'>38,</span> 
     </span>
     <span class='ocr_line' id='line_1_9' title="bbox 96 1153 1478 1243; baseline 0.003 -28"><span class='ocrx_word' id='word_1_77' title='bbox 96 1153 147 1234; x_wconf 83' lang='grc'>3,1</span> <span class='ocrx_word' id='word_1_78' title='bbox 164 1157 353 1221; x_wconf 77' lang='lat' dir='ltr'>‘Romanum</span> <span class='ocrx_word' id='word_1_79' title='bbox 368 1209 374 1222; x_wconf 94' lang='lat'><strong>.</strong></span> <span class='ocrx_word' id='word_1_80' title='bbox 390 1210 395 1222; x_wconf 90' lang='lat'>.</span> <span class='ocrx_word' id='word_1_81' title='bbox 413 1157 574 1239; x_wconf 80' lang='lat' dir='ltr'>bellum&#39;,</span> <span class='ocrx_word' id='word_1_82' title='bbox 593 1158 722 1242; x_wconf 77' lang='lat'>39,1,2</span> <span class='ocrx_word' id='word_1_83' title='bbox 740 1159 904 1223; x_wconf 85' lang='lat' dir='ltr'>‘Parthica</span> <span class='ocrx_word' id='word_1_84' title='bbox 923 1160 1023 1243; x_wconf 91' lang='lat' dir='ltr'>ipsius</span> <span class='ocrx_word' id='word_1_85' title='bbox 1044 1181 1083 1222; x_wconf 89' lang='lat' dir='ltr'>ac</span> <span class='ocrx_word' id='word_1_86' title='bbox 1103 1159 1211 1222; x_wconf 87' lang='lat' dir='ltr'>fratris</span> <span class='ocrx_word' id='word_1_87' title='bbox 1231 1157 1337 1240; x_wconf 86' lang='lat' dir='ltr'>bella&#39;,</span> <span class='ocrx_word' id='word_1_88' title='bbox 1357 1158 1478 1240; x_wconf 91' lang='grc'>41,1,9</span> 
     </span>
     <span class='ocr_line' id='line_1_10' title="bbox 98 1257 1591 1347; baseline 0.004 -27"><span class='ocrx_word' id='word_1_89' title='bbox 98 1257 257 1343; x_wconf 82' lang='lat' dir='ltr'>‘Scythicis</span> <span class='ocrx_word' id='word_1_90' title='bbox 270 1271 302 1324; x_wconf 91' lang='lat' dir='ltr'>et</span> <span class='ocrx_word' id='word_1_91' title='bbox 314 1263 509 1327; x_wconf 81' lang='lat' dir='ltr'>vicinalibus</span> <span class='ocrx_word' id='word_1_92' title='bbox 523 1262 638 1346; x_wconf 88' lang='lat' dir='ltr'>bellis’,</span> <span class='ocrx_word' id='word_1_93' title='bbox 657 1263 705 1347; x_wconf 95' lang='grc'>10,</span> <span class='ocrx_word' id='word_1_94' title='bbox 719 1263 748 1344; x_wconf 90' lang='grc'>2,</span> <span class='ocrx_word' id='word_1_95' title='bbox 762 1264 782 1326; x_wconf 95' lang='grc'>2</span> <span class='ocrx_word' id='word_1_96' title='bbox 796 1262 1063 1347; x_wconf 87' lang='lat' dir='ltr'>‘f1·atern0bello&#39;,</span> <span class='ocrx_word' id='word_1_97' title='bbox 1080 1263 1131 1344; x_wconf 84' lang='lat'>39,</span> <span class='ocrx_word' id='word_1_98' title='bbox 1142 1264 1174 1345; x_wconf 91' lang='grc'>4,</span> <span class='ocrx_word' id='word_1_99' title='bbox 1186 1262 1206 1326; x_wconf 92' lang='grc'>2</span> <span class='ocrx_word' id='word_1_100' title='bbox 1220 1263 1366 1326; x_wconf 79' lang='lat' dir='ltr'>‘materni</span> <span class='ocrx_word' id='word_1_101' title='bbox 1381 1262 1479 1344; x_wconf 86' lang='lat' dir='ltr'>belli&#39;,</span> <span class='ocrx_word' id='word_1_102' title='bbox 1590 1278 1591 1305; x_wconf 55' lang='grc'>1</span> 
     </span>
    </p>
   </div>
   <div class='ocr_carea' id='block_1_3' title="bbox 24 1361 1591 1660">
    <p class='ocr_par' dir='ltr' id='par_1_3' title="bbox 24 1340 1591 1660">
     <span class='ocr_line' id='line_1_11' title="bbox 98 1361 1479 1453; baseline 0.004 -28"><span class='ocrx_word' id='word_1_103' title='bbox 98 1361 138 1446; x_wconf 85' lang='lat'>15,</span> <span class='ocrx_word' id='word_1_104' title='bbox 153 1365 182 1442; x_wconf 93' lang='grc'>4,</span> <span class='ocrx_word' id='word_1_105' title='bbox 198 1364 240 1428; x_wconf 90' lang='grc'>23</span> <span class='ocrx_word' id='word_1_106' title='bbox 257 1365 373 1430; x_wconf 89' lang='lat' dir='ltr'>‘hostili</span> <span class='ocrx_word' id='word_1_107' title='bbox 394 1366 514 1453; x_wconf 83' lang='lat' dir='ltr'>(hostili</span> <span class='ocrx_word' id='word_1_108' title='bbox 535 1390 595 1431; x_wconf 90' lang='lat' dir='ltr'>om.</span> <span class='ocrx_word' id='word_1_109' title='bbox 613 1367 655 1453; x_wconf 80' lang='lat' dir='ltr'>T)</span> <span class='ocrx_word' id='word_1_110' title='bbox 676 1366 782 1448; x_wconf 89' lang='lat' dir='ltr'>bello&#39;,</span> <span class='ocrx_word' id='word_1_111' title='bbox 810 1368 858 1448; x_wconf 92' lang='grc'>13,</span> <span class='ocrx_word' id='word_1_112' title='bbox 876 1368 905 1450; x_wconf 89' lang='grc'>6,</span> <span class='ocrx_word' id='word_1_113' title='bbox 925 1367 962 1430; x_wconf 79' lang='grc'>11</span> <span class='ocrx_word' id='word_1_114' title='bbox 985 1367 1038 1431; x_wconf 78' lang='lat' dir='ltr'>‘ab</span> <span class='ocrx_word' id='word_1_115' title='bbox 1062 1367 1168 1431; x_wconf 91' lang='lat' dir='ltr'>hostili</span> <span class='ocrx_word' id='word_1_116' title='bbox 1188 1366 1273 1431; x_wconf 93' lang='lat' dir='ltr'>bello</span> <span class='ocrx_word' id='word_1_117' title='bbox 1296 1369 1328 1429; x_wconf 91' lang='lat' dir='ltr'>in</span> <span class='ocrx_word' id='word_1_118' title='bbox 1351 1366 1479 1431; x_wconf 89' lang='lat' dir='ltr'>civilem</span> 
     </span>
     <span class='ocr_line' id='line_1_12' title="bbox 96 1470 1479 1557; baseline 0.004 -29"><span class='ocrx_word' id='word_1_119' title='bbox 96 1471 274 1552; x_wconf 82' lang='lat' dir='ltr'>sanguinem</span> <span class='ocrx_word' id='word_1_120' title='bbox 291 1471 406 1534; x_wconf 87' lang='lat' dir='ltr'>vertit&#39;.</span> <span class='ocrx_word' id='word_1_121' title='bbox 434 1473 608 1556; x_wconf 81' lang='lat' dir='ltr'>praecipue</span> <span class='ocrx_word' id='word_1_122' title='bbox 624 1471 849 1535; x_wconf 87' lang='lat' dir='ltr'>memorabiles</span> <span class='ocrx_word' id='word_1_123' title='bbox 866 1471 929 1535; x_wconf 86' lang='lat' dir='ltr'>duo</span> <span class='ocrx_word' id='word_1_124' title='bbox 943 1481 1017 1534; x_wconf 90' lang='lat' dir='ltr'>sunt</span> <span class='ocrx_word' id='word_1_125' title='bbox 1027 1471 1099 1552; x_wconf 89' lang='grc'>1001,</span> <span class='ocrx_word' id='word_1_126' title='bbox 1116 1471 1234 1556; x_wconf 88' lang='lat' dir='ltr'>quibus</span> <span class='ocrx_word' id='word_1_127' title='bbox 1247 1470 1409 1535; x_wconf 87' lang='lat' dir='ltr'>adiectiva</span> <span class='ocrx_word' id='word_1_128' title='bbox 1421 1492 1479 1557; x_wconf 91' lang='lat' dir='ltr'>pro</span> 
     </span>
     <span class='ocr_line' id='line_1_13' title="bbox 24 1571 1591 1660; baseline 0.01 -32"><span class='ocrx_word' id='word_1_129' title='bbox 24 1607 25 1628; x_wconf 40' lang='lat' dir='ltr'>v</span> <span class='ocrx_word' id='word_1_130' title='bbox 97 1571 357 1638; x_wconf 87' lang='lat' dir='ltr'>substantivorum</span> <span class='ocrx_word' id='word_1_131' title='bbox 374 1577 532 1658; x_wconf 90' lang='lat' dir='ltr'>genetivis</span> <span class='ocrx_word' id='word_1_132' title='bbox 546 1577 649 1660; x_wconf 88' lang='lat' dir='ltr'>posita</span> <span class='ocrx_word' id='word_1_133' title='bbox 661 1586 735 1639; x_wconf 97' lang='grc'>0001</span> <span class='ocrx_word' id='word_1_134' title='bbox 746 1577 800 1658; x_wconf 89' lang='grc'>110,</span> <span class='ocrx_word' id='word_1_135' title='bbox 818 1585 854 1640; x_wconf 92' lang='grc'>01</span> <span class='ocrx_word' id='word_1_136' title='bbox 865 1574 947 1640; x_wconf 90' lang='lat' dir='ltr'>haec</span> <span class='ocrx_word' id='word_1_137' title='bbox 960 1574 1161 1639; x_wconf 91' lang='lat' dir='ltr'>substantiva</span> <span class='ocrx_word' id='word_1_138' title='bbox 1173 1575 1214 1639; x_wconf 91' lang='lat' dir='ltr'>ab</span> <span class='ocrx_word' id='word_1_139' title='bbox 1227 1575 1288 1638; x_wconf 92' lang='lat' dir='ltr'>illis</span> <span class='ocrx_word' id='word_1_140' title='bbox 1300 1575 1479 1656; x_wconf 86' lang='lat' dir='ltr'>adiectivis,</span> <span class='ocrx_word' id='word_1_141' title='bbox 1590 1572 1591 1643; x_wconf 64' lang='lat' dir='ltr'>J</span> 
     </span>
    </p>
   </div>
   <div class='ocr_carea' id='block_1_4' title="bbox 95 1675 1591 1975">
    <p class='ocr_par' dir='ltr' id='par_1_4' title="bbox 95 1675 1591 1975">
     <span class='ocr_line' id='line_1_14' title="bbox 97 1675 1591 1765; baseline 0.005 -30"><span class='ocrx_word' id='word_1_142' title='bbox 97 1675 118 1737; x_wconf 91' lang='lat' dir='ltr'>si</span> <span class='ocrx_word' id='word_1_143' title='bbox 135 1677 267 1743; x_wconf 88' lang='lat' dir='ltr'>formam</span> <span class='ocrx_word' id='word_1_144' title='bbox 287 1681 436 1763; x_wconf 81' lang='lat' dir='ltr'>respicis,</span> <span class='ocrx_word' id='word_1_145' title='bbox 461 1701 526 1744; x_wconf 92' lang='grc'>000</span> <span class='ocrx_word' id='word_1_146' title='bbox 547 1679 710 1762; x_wconf 86' lang='lat' dir='ltr'>differant,</span> <span class='ocrx_word' id='word_1_147' title='bbox 735 1683 810 1764; x_wconf 87' lang='lat' dir='ltr'>quia</span> <span class='ocrx_word' id='word_1_148' title='bbox 829 1682 901 1765; x_wconf 90' lang='lat' dir='ltr'>ipsa</span> <span class='ocrx_word' id='word_1_149' title='bbox 924 1688 998 1744; x_wconf 91' lang='lat' dir='ltr'>sunt</span> <span class='ocrx_word' id='word_1_150' title='bbox 1020 1679 1182 1744; x_wconf 86' lang='lat' dir='ltr'>adiectiva</span> <span class='ocrx_word' id='word_1_151' title='bbox 1205 1678 1480 1743; x_wconf 89' lang='lat' dir='ltr'>substantivorum</span> <span class='ocrx_word' id='word_1_152' title='bbox 1590 1708 1591 1715; x_wconf 47' lang='lat'>¹</span> 
     </span>
     <span class='ocr_line' id='line_1_15' title="bbox 96 1782 1591 1870; baseline 0.004 -27"><span class='ocrx_word' id='word_1_153' title='bbox 96 1801 216 1846; x_wconf 89' lang='lat' dir='ltr'>munere</span> <span class='ocrx_word' id='word_1_154' title='bbox 232 1784 414 1868; x_wconf 74' lang='lat' dir='ltr'>iungentia:</span> <span class='ocrx_word' id='word_1_155' title='bbox 434 1785 536 1866; x_wconf 82' lang='grc'>1,1,’1</span> <span class='ocrx_word' id='word_1_156' title='bbox 555 1785 748 1870; x_wconf 78' lang='lat' dir='ltr'>longinqua,</span> <span class='ocrx_word' id='word_1_157' title='bbox 766 1807 827 1849; x_wconf 89' lang='lat' dir='ltr'>non</span> <span class='ocrx_word' id='word_1_158' title='bbox 850 1784 1020 1850; x_wconf 88' lang='lat' dir='ltr'>finitima</span> <span class='ocrx_word' id='word_1_159' title='bbox 1039 1784 1197 1868; x_wconf 85' lang='lat' dir='ltr'>gerebant</span> <span class='ocrx_word' id='word_1_160' title='bbox 1212 1784 1306 1848; x_wconf 88' lang='lat' dir='ltr'>bella&#39;</span> <span class='ocrx_word' id='word_1_161' title='bbox 1324 1782 1358 1870; x_wconf 88' lang='lat' dir='ltr'>(i.</span> <span class='ocrx_word' id='word_1_162' title='bbox 1371 1784 1481 1869; x_wconf 72' lang='grc'>(01101-</span> <span class='ocrx_word' id='word_1_163' title='bbox 1590 1842 1591 1849; x_wconf 72' lang='grc'>,</span> 
     </span>
     <span class='ocr_line' id='line_1_16' title="bbox 95 1884 1591 1975; baseline 0.003 -31"><span class='ocrx_word' id='word_1_164' title='bbox 95 1884 257 1974; x_wconf 84' lang='lat' dir='ltr'>timorum),</span> <span class='ocrx_word' id='word_1_165' title='bbox 277 1887 325 1965; x_wconf 82' lang='lat'>15,</span> <span class='ocrx_word' id='word_1_166' title='bbox 339 1888 368 1970; x_wconf 91' lang='grc'>2,</span> <span class='ocrx_word' id='word_1_167' title='bbox 384 1889 421 1951; x_wconf 81' lang='grc'>11</span> <span class='ocrx_word' id='word_1_168' title='bbox 440 1890 502 1952; x_wconf 81' lang='lat' dir='ltr'>‘cui</span> <span class='ocrx_word' id='word_1_169' title='bbox 520 1912 592 1953; x_wconf 92' lang='lat' dir='ltr'>cum</span> <span class='ocrx_word' id='word_1_170' title='bbox 609 1888 791 1954; x_wconf 75' lang='lat' dir='ltr'>Cassander</span> <span class='ocrx_word' id='word_1_171' title='bbox 806 1891 962 1954; x_wconf 89' lang='lat' dir='ltr'>interesse</span> <span class='ocrx_word' id='word_1_172' title='bbox 978 1899 1110 1975; x_wconf 90' lang='lat' dir='ltr'>propter</span> <span class='ocrx_word' id='word_1_173' title='bbox 1130 1889 1338 1953; x_wconf 92' lang='lat' dir='ltr'>finitimum</span> <span class='ocrx_word' id='word_1_174' title='bbox 1359 1886 1479 1951; x_wconf 90' lang='lat' dir='ltr'>bellum</span> <span class='ocrx_word' id='word_1_175' title='bbox 1590 1886 1591 1949; x_wconf 74' lang='lat' dir='ltr'>j</span> 
     </span>
    </p>
   </div>
   <div class='ocr_carea' id='block_1_5' title="bbox 97 1993 292 2076">
    <p class='ocr_par' dir='ltr' id='par_1_5' title="bbox 97 1993 292 2076">
     <span class='ocr_line' id='line_1_17' title="bbox 97 1993 292 2076; baseline 0.026 -26"><span class='ocrx_word' id='word_1_176' title='bbox 97 2009 151 2053; x_wconf 90' lang='lat' dir='ltr'>non</span> <span class='ocrx_word' id='word_1_177' title='bbox 166 1993 292 2076; x_wconf 73' lang='lat' dir='ltr'>posset.</span> 
     </span>
    </p>
   </div>
   <div class='ocr_carea' id='block_1_6' title="bbox 576 2176 989 2244">
    <p class='ocr_par' dir='ltr' id='par_1_6' title="bbox 576 2176 989 2244">
     <span class='ocr_line' id='line_1_18' title="bbox 576 2176 989 2244; baseline 0.002 -14"><span class='ocrx_word' id='word_1_178' title='bbox 576 2177 625 2230; x_wconf 87' lang='lat' dir='ltr'>De</span> <span class='ocrx_word' id='word_1_179' title='bbox 641 2176 799 2244; x_wconf 85' lang='lat' dir='ltr'>genetivo</span> <span class='ocrx_word' id='word_1_180' title='bbox 816 2176 989 2242; x_wconf 82' lang='lat' dir='ltr'>partitive.</span> 
     </span>
    </p>
   </div>
   <div class='ocr_carea' id='block_1_7' title="bbox 189 2300 1591 2392">
    <p class='ocr_par' dir='ltr' id='par_1_7' title="bbox 189 2300 1591 2392">
     <span class='ocr_line' id='line_1_19' title="bbox 189 2300 1591 2392; baseline 0.002 -20"><span class='ocrx_word' id='word_1_181' title='bbox 189 2305 365 2372; x_wconf 79' lang='lat' dir='ltr'>Genetivus</span> <span class='ocrx_word' id='word_1_182' title='bbox 382 2309 553 2391; x_wconf 88' lang='lat' dir='ltr'>partitivus</span> <span class='ocrx_word' id='word_1_183' title='bbox 569 2309 809 2392; x_wconf 87' lang='lat' dir='ltr'>penderesolet</span> <span class='ocrx_word' id='word_1_184' title='bbox 825 2329 867 2371; x_wconf 86' lang='lat' dir='ltr'>ex</span> <span class='ocrx_word' id='word_1_185' title='bbox 882 2307 1051 2372; x_wconf 86' lang='lat' dir='ltr'>adieetivis</span> <span class='ocrx_word' id='word_1_186' title='bbox 1067 2307 1172 2391; x_wconf 88' lang='lat' dir='ltr'>gradu</span> <span class='ocrx_word' id='word_1_187' title='bbox 1188 2305 1385 2391; x_wconf 85' lang='lat' dir='ltr'>superlativo</span> <span class='ocrx_word' id='word_1_188' title='bbox 1401 2307 1482 2392; x_wconf 93' lang='lat' dir='ltr'>posi·</span> <span class='ocrx_word' id='word_1_189' title='bbox 1590 2300 1591 2375; x_wconf 42' lang='lat' dir='ltr'>J</span> 
     </span>
    </p>
   </div>
   <div class='ocr_carea' id='block_1_8' title="bbox 24 2393 1483 2497">
    <p class='ocr_par' dir='ltr' id='par_1_8' title="bbox 24 2393 1483 2497">
     <span class='ocr_line' id='line_1_20' title="bbox 24 2393 1483 2497; baseline 0.002 -27"><span class='ocrx_word' id='word_1_190' title='bbox 24 2393 25 2414; x_wconf 55' lang='lat'>³</span> <span class='ocrx_word' id='word_1_191' title='bbox 98 2408 224 2476; x_wconf 75' lang='lat' dir='ltr'>based</span> <span class='ocrx_word' id='word_1_192' title='bbox 247 2411 336 2496; x_wconf 88' lang='lat' dir='ltr'>apud</span> <span class='ocrx_word' id='word_1_193' title='bbox 356 2411 515 2476; x_wconf 92' lang='lat' dir='ltr'>Iustinum</span> <span class='ocrx_word' id='word_1_194' title='bbox 536 2411 733 2476; x_wconf 87' lang='lat' dir='ltr'>adieetivum</span> <span class='ocrx_word' id='word_1_195' title='bbox 754 2413 859 2497; x_wconf 89' lang='lat' dir='ltr'>gradu</span> <span class='ocrx_word' id='word_1_196' title='bbox 879 2415 1016 2497; x_wconf 90' lang='lat' dir='ltr'>positivo</span> <span class='ocrx_word' id='word_1_197' title='bbox 1041 2435 1115 2475; x_wconf 92' lang='lat' dir='ltr'>cum</span> <span class='ocrx_word' id='word_1_198' title='bbox 1135 2415 1202 2475; x_wconf 91' lang='grc'>0100</span> <span class='ocrx_word' id='word_1_199' title='bbox 1224 2411 1310 2475; x_wconf 89' lang='lat' dir='ltr'>modi</span> <span class='ocrx_word' id='word_1_200' title='bbox 1330 2412 1483 2495; x_wconf 88' lang='lat' dir='ltr'>genetivo</span> 
     </span>
    </p>
   </div>
   <div class='ocr_carea' id='block_1_9' title="bbox 24 2513 1591 2600">
    <p class='ocr_par' dir='ltr' id='par_1_9' title="bbox 24 2513 1591 2600">
     <span class='ocr_line' id='line_1_21' title="bbox 24 2513 1591 2600; baseline 0.003 -26"><span class='ocrx_word' id='word_1_201' title='bbox 24 2513 25 2544; x_wconf 61' lang='lat'><strong>³</strong></span> <span class='ocrx_word' id='word_1_202' title='bbox 100 2515 291 2580; x_wconf 81' lang='lat' dir='ltr'>coniunctum</span> <span class='ocrx_word' id='word_1_203' title='bbox 310 2515 446 2600; x_wconf 90' lang='lat' dir='ltr'>legimus</span> <span class='ocrx_word' id='word_1_204' title='bbox 469 2515 517 2597; x_wconf 92' lang='grc'>12,</span> <span class='ocrx_word' id='word_1_205' title='bbox 537 2515 622 2600; x_wconf 83' lang='grc'>16,8</span> <span class='ocrx_word' id='word_1_206' title='bbox 644 2516 716 2580; x_wconf 91' lang='lat' dir='ltr'>‘sub</span> <span class='ocrx_word' id='word_1_207' title='bbox 731 2515 907 2580; x_wconf 87' lang='lat' dir='ltr'>Aristotele</span> <span class='ocrx_word' id='word_1_208' title='bbox 930 2516 1072 2596; x_wconf 86' lang='lat' dir='ltr'>doctore,</span> <span class='ocrx_word' id='word_1_209' title='bbox 1093 2515 1201 2579; x_wconf 90' lang='lat' dir='ltr'>inclito</span> <span class='ocrx_word' id='word_1_210' title='bbox 1222 2518 1363 2580; x_wconf 88' lang='lat' dir='ltr'>omnium</span> <span class='ocrx_word' id='word_1_211' title='bbox 1384 2513 1482 2600; x_wconf 92' lang='lat' dir='ltr'>philo·</span> <span class='ocrx_word' id='word_1_212' title='bbox 1590 2518 1591 2523; x_wconf 71' lang='grc'>’</span> 
     </span>
    </p>
   </div>
   <div class='ocr_carea' id='block_1_10' title="bbox 24 2617 1484 2913">
    <p class='ocr_par' dir='ltr' id='par_1_10' title="bbox 24 2617 1484 2913">
     <span class='ocr_line' id='line_1_22' title="bbox 24 2617 1484 2718; baseline 0.001 -39"><span class='ocrx_word' id='word_1_213' title='bbox 24 2687 25 2718; x_wconf 55' lang='lat'>,</span> <span class='ocrx_word' id='word_1_214' title='bbox 99 2617 273 2702; x_wconf 87' lang='lat' dir='ltr'>sophorum,</span> <span class='ocrx_word' id='word_1_215' title='bbox 302 2620 424 2682; x_wconf 85' lang='lat' dir='ltr'>erevit’.</span> <span class='ocrx_word' id='word_1_216' title='bbox 464 2641 560 2704; x_wconf 88' lang='lat' dir='ltr'>quem</span> <span class='ocrx_word' id='word_1_217' title='bbox 580 2620 685 2683; x_wconf 92' lang='lat' dir='ltr'>locum</span> <span class='ocrx_word' id='word_1_218' title='bbox 708 2643 865 2705; x_wconf 89' lang='lat' dir='ltr'>perquam</span> <span class='ocrx_word' id='word_1_219' title='bbox 892 2619 1028 2683; x_wconf 88' lang='lat' dir='ltr'>ridicule</span> <span class='ocrx_word' id='word_1_220' title='bbox 1052 2627 1295 2706; x_wconf 88' lang='lat' dir='ltr'>temptaverunt</span> <span class='ocrx_word' id='word_1_221' title='bbox 1317 2618 1425 2683; x_wconf 86' lang='lat' dir='ltr'>Faber</span> <span class='ocrx_word' id='word_1_222' title='bbox 1451 2627 1484 2681; x_wconf 90' lang='lat' dir='ltr'>et</span> 
     </span>
     <span class='ocr_line' id='line_1_23' title="bbox 24 2719 1482 2810; baseline 0.002 -27"><span class='ocrx_word' id='word_1_223' title='bbox 24 2727 25 2740; x_wconf 62' lang='lat'>¹</span> <span class='ocrx_word' id='word_1_224' title='bbox 100 2719 270 2787; x_wconf 81' lang='lat' dir='ltr'>Schefferus</span> <span class='ocrx_word' id='word_1_225' title='bbox 287 2721 540 2808; x_wconf 85' lang='lat' dir='ltr'>(ef.Frotsohe1i</span> <span class='ocrx_word' id='word_1_226' title='bbox 562 2746 675 2788; x_wconf 91' lang='lat' dir='ltr'>comm.</span> <span class='ocrx_word' id='word_1_227' title='bbox 693 2725 735 2788; x_wconf 88' lang='lat' dir='ltr'>ad</span> <span class='ocrx_word' id='word_1_228' title='bbox 755 2725 785 2788; x_wconf 91' lang='lat' dir='ltr'>h.</span> <span class='ocrx_word' id='word_1_229' title='bbox 800 2724 847 2810; x_wconf 86' lang='lat' dir='ltr'>l),</span> <span class='ocrx_word' id='word_1_230' title='bbox 868 2726 922 2808; x_wconf 93' lang='lat' dir='ltr'>qui</span> <span class='ocrx_word' id='word_1_231' title='bbox 943 2725 1064 2809; x_wconf 89' lang='lat' dir='ltr'>opinati</span> <span class='ocrx_word' id='word_1_232' title='bbox 1086 2724 1261 2807; x_wconf 88' lang='lat' dir='ltr'>significari</span> <span class='ocrx_word' id='word_1_233' title='bbox 1277 2723 1482 2788; x_wconf 87' lang='lat' dir='ltr'>Aristotelem</span> 
     </span>
     <span class='ocr_line' id='line_1_24' title="bbox 101 2827 1483 2913; baseline 0.001 -25"><span class='ocrx_word' id='word_1_234' title='bbox 101 2828 229 2890; x_wconf 90' lang='lat' dir='ltr'>omnium</span> <span class='ocrx_word' id='word_1_235' title='bbox 244 2827 506 2913; x_wconf 89' lang='lat' dir='ltr'>philosophorum</span> <span class='ocrx_word' id='word_1_236' title='bbox 522 2827 620 2891; x_wconf 88' lang='lat' dir='ltr'>fuisse</span> <span class='ocrx_word' id='word_1_237' title='bbox 637 2829 821 2910; x_wconf 69' lang='lat' dir='ltr'>doctorem,¹</span> <span class='ocrx_word' id='word_1_238' title='bbox 833 2828 934 2891; x_wconf 90' lang='lat' dir='ltr'>verba</span> <span class='ocrx_word' id='word_1_239' title='bbox 950 2829 1102 2892; x_wconf 85' lang='lat' dir='ltr'>‘omnium</span> <span class='ocrx_word' id='word_1_240' title='bbox 1118 2827 1389 2913; x_wconf 84' lang='lat' dir='ltr'>philosophorum’</span> <span class='ocrx_word' id='word_1_241' title='bbox 1405 2837 1483 2891; x_wconf 88' lang='lat' dir='ltr'>tam-</span> 
     </span>
    </p>
   </div>
   <div class='ocr_carea' id='block_1_11' title="bbox 102 2933 1591 3019">
    <p class='ocr_par' dir='ltr' id='par_1_11' title="bbox 102 2933 1591 3019">
     <span class='ocr_line' id='line_1_25' title="bbox 102 2933 1591 3019; baseline 0.001 -25"><span class='ocrx_word' id='word_1_242' title='bbox 102 2951 185 3014; x_wconf 89' lang='lat' dir='ltr'>quam</span> <span class='ocrx_word' id='word_1_243' title='bbox 207 2933 366 3016; x_wconf 87' lang='lat' dir='ltr'>glossema</span> <span class='ocrx_word' id='word_1_244' title='bbox 393 2933 434 2996; x_wconf 88' lang='lat' dir='ltr'>ab</span> <span class='ocrx_word' id='word_1_245' title='bbox 461 2935 570 3017; x_wconf 89' lang='lat' dir='ltr'>inepto</span> <span class='ocrx_word' id='word_1_246' title='bbox 598 2933 705 3018; x_wconf 86' lang='lat' dir='ltr'>aliquo</span> <span class='ocrx_word' id='word_1_247' title='bbox 730 2933 887 3019; x_wconf 88' lang='lat' dir='ltr'>discipulo</span> <span class='ocrx_word' id='word_1_248' title='bbox 908 2933 1036 2996; x_wconf 90' lang='lat' dir='ltr'>Alberti</span> <span class='ocrx_word' id='word_1_249' title='bbox 1058 2933 1170 3016; x_wconf 83' lang='lat' dir='ltr'>Magni</span> <span class='ocrx_word' id='word_1_250' title='bbox 1192 2934 1352 2997; x_wconf 90' lang='lat' dir='ltr'>intrusum</span> <span class='ocrx_word' id='word_1_251' title='bbox 1379 2935 1483 2996; x_wconf 85' lang='lat' dir='ltr'>eicere</span> <span class='ocrx_word' id='word_1_252' title='bbox 1590 3000 1591 3003; x_wconf 8' lang='grc' dir='ltr'><strong>Ἴ</strong></span> 
     </span>
    </p>
   </div>
   <div class='ocr_carea' id='block_1_12' title="bbox 24 3035 1484 3228">
    <p class='ocr_par' dir='ltr' id='par_1_12' title="bbox 24 3035 1484 3228">
     <span class='ocr_line' id='line_1_26' title="bbox 24 3035 1484 3123; baseline 0.002 -26"><span class='ocrx_word' id='word_1_253' title='bbox 24 3041 25 3044; x_wconf 74' lang='grc'>’</span> <span class='ocrx_word' id='word_1_254' title='bbox 101 3035 265 3102; x_wconf 89' lang='lat' dir='ltr'>voluerunt.</span> <span class='ocrx_word' id='word_1_255' title='bbox 302 3037 428 3102; x_wconf 90' lang='lat' dir='ltr'>insolita</span> <span class='ocrx_word' id='word_1_256' title='bbox 449 3061 526 3102; x_wconf 90' lang='grc'>0000</span> <span class='ocrx_word' id='word_1_257' title='bbox 547 3048 595 3102; x_wconf 88' lang='grc'>001</span> <span class='ocrx_word' id='word_1_258' title='bbox 616 3048 778 3102; x_wconf 89' lang='lat' dir='ltr'>structura</span> <span class='ocrx_word' id='word_1_259' title='bbox 799 3037 853 3103; x_wconf 86' lang='lat' dir='ltr'>illa</span> <span class='ocrx_word' id='word_1_260' title='bbox 876 3060 982 3123; x_wconf 90' lang='lat' dir='ltr'>neque</span> <span class='ocrx_word' id='word_1_261' title='bbox 1002 3047 1077 3102; x_wconf 87' lang='grc'>0010</span> <span class='ocrx_word' id='word_1_262' title='bbox 1098 3037 1228 3101; x_wconf 92' lang='lat' dir='ltr'>Livium</span> <span class='ocrx_word' id='word_1_263' title='bbox 1248 3040 1281 3102; x_wconf 92' lang='lat' dir='ltr'>in</span> <span class='ocrx_word' id='word_1_264' title='bbox 1299 3060 1396 3122; x_wconf 86' lang='lat' dir='ltr'>prosa</span> <span class='ocrx_word' id='word_1_265' title='bbox 1417 3059 1484 3101; x_wconf 90' lang='lat' dir='ltr'>ora·</span> 
     </span>
     <span class='ocr_line' id='line_1_27' title="bbox 24 3140 1483 3228; baseline 0.003 -28"><span class='ocrx_word' id='word_1_266' title='bbox 24 3171 25 3174; x_wconf 22' lang='grc'>1</span> <span class='ocrx_word' id='word_1_267' title='bbox 102 3140 175 3205; x_wconf 86' lang='grc'>11000</span> <span class='ocrx_word' id='word_1_268' title='bbox 193 3165 329 3228; x_wconf 91' lang='lat' dir='ltr'>usquam</span> <span class='ocrx_word' id='word_1_269' title='bbox 343 3144 513 3206; x_wconf 89' lang='lat' dir='ltr'>invenitur.</span> <span class='ocrx_word' id='word_1_270' title='bbox 546 3165 584 3205; x_wconf 87' lang='lat' dir='ltr'>ac</span> <span class='ocrx_word' id='word_1_271' title='bbox 605 3164 645 3205; x_wconf 92' lang='grc'>00</span> <span class='ocrx_word' id='word_1_272' title='bbox 667 3143 756 3228; x_wconf 89' lang='lat' dir='ltr'>apud</span> <span class='ocrx_word' id='word_1_273' title='bbox 774 3142 864 3207; x_wconf 93' lang='lat' dir='ltr'>illum</span> <span class='ocrx_word' id='word_1_274' title='bbox 885 3143 1016 3227; x_wconf 91' lang='lat' dir='ltr'>quidem</span> <span class='ocrx_word' id='word_1_275' title='bbox 1035 3143 1206 3226; x_wconf 84' lang='lat' dir='ltr'>genetivus</span> <span class='ocrx_word' id='word_1_276' title='bbox 1228 3142 1348 3227; x_wconf 88' lang='lat' dir='ltr'>pendet</span> <span class='ocrx_word' id='word_1_277' title='bbox 1367 3164 1410 3204; x_wconf 85' lang='lat' dir='ltr'>ex</span> <span class='ocrx_word' id='word_1_278' title='bbox 1430 3141 1483 3206; x_wconf 87' lang='lat' dir='ltr'>ad-</span> 
     </span>
    </p>
   </div>
   <div class='ocr_carea' id='block_1_13' title="bbox 24 3237 1591 3333">
    <p class='ocr_par' dir='ltr' id='par_1_13' title="bbox 24 3237 1591 3333">
     <span class='ocr_line' id='line_1_28' title="bbox 24 3237 1591 3333; baseline 0.001 -27"><span class='ocrx_word' id='word_1_279' title='bbox 24 3237 25 3242; x_wconf 33' lang='lat'><em>*</em></span> <span class='ocrx_word' id='word_1_280' title='bbox 103 3245 198 3310; x_wconf 87' lang='lat' dir='ltr'>iectivi</span> <span class='ocrx_word' id='word_1_281' title='bbox 212 3247 315 3332; x_wconf 89' lang='lat' dir='ltr'>gradu</span> <span class='ocrx_word' id='word_1_282' title='bbox 335 3248 483 3332; x_wconf 90' lang='lat' dir='ltr'>positivo,</span> <span class='ocrx_word' id='word_1_283' title='bbox 505 3249 565 3310; x_wconf 91' lang='lat' dir='ltr'>nisi</span> <span class='ocrx_word' id='word_1_284' title='bbox 585 3246 619 3310; x_wconf 86' lang='lat' dir='ltr'>id</span> <span class='ocrx_word' id='word_1_285' title='bbox 640 3247 806 3333; x_wconf 87' lang='lat' dir='ltr'>pluraliter</span> <span class='ocrx_word' id='word_1_286' title='bbox 827 3249 954 3329; x_wconf 87' lang='lat' dir='ltr'>dicitur,</span> <span class='ocrx_word' id='word_1_287' title='bbox 977 3247 1066 3311; x_wconf 91' lang='lat' dir='ltr'>velut</span> <span class='ocrx_word' id='word_1_288' title='bbox 1081 3247 1154 3310; x_wconf 90' lang='lat' dir='ltr'>Liv.</span> <span class='ocrx_word' id='word_1_289' title='bbox 1168 3247 1219 3329; x_wconf 83' lang='lat'>30,</span> <span class='ocrx_word' id='word_1_290' title='bbox 1233 3247 1262 3329; x_wconf 86' lang='grc'>0,</span> <span class='ocrx_word' id='word_1_291' title='bbox 1280 3248 1294 3309; x_wconf 98' lang='grc'>1</span> <span class='ocrx_word' id='word_1_292' title='bbox 1314 3246 1484 3330; x_wconf 81' lang='lat' dir='ltr'>‘expeditis</span> <span class='ocrx_word' id='word_1_293' title='bbox 1590 3244 1591 3249; x_wconf 67' lang='grc'>’</span> 
     </span>
    </p>
   </div>
   <div class='ocr_carea' id='block_1_14' title="bbox 24 3349 1489 4591">
    <p class='ocr_par' dir='ltr' id='par_1_14' title="bbox 24 3349 1489 4591">
     <span class='ocr_line' id='line_1_29' title="bbox 24 3349 1483 3438; baseline 0.001 -25"><span class='ocrx_word' id='word_1_294' title='bbox 24 3425 25 3434; x_wconf 29' lang='grc'>,</span> <span class='ocrx_word' id='word_1_295' title='bbox 104 3350 245 3434; x_wconf 85' lang='lat' dir='ltr'>militum’,</span> <span class='ocrx_word' id='word_1_296' title='bbox 260 3352 313 3435; x_wconf 91' lang='grc'>42,</span> <span class='ocrx_word' id='word_1_297' title='bbox 327 3351 408 3437; x_wconf 78' lang='lat'>65,5</span> <span class='ocrx_word' id='word_1_298' title='bbox 421 3352 545 3436; x_wconf 73' lang='lat' dir='ltr'>‘reliqui</span> <span class='ocrx_word' id='word_1_299' title='bbox 558 3351 724 3438; x_wconf 86' lang='lat' dir='ltr'>peditum&#39;,</span> <span class='ocrx_word' id='word_1_300' title='bbox 739 3353 779 3416; x_wconf 88' lang='lat' dir='ltr'>cf.</span> <span class='ocrx_word' id='word_1_301' title='bbox 790 3352 971 3416; x_wconf 88' lang='lat' dir='ltr'>Kuehnast.</span> <span class='ocrx_word' id='word_1_302' title='bbox 982 3351 1125 3437; x_wconf 85' lang='lat' dir='ltr'>Hauptp.</span> <span class='ocrx_word' id='word_1_303' title='bbox 1139 3352 1195 3414; x_wconf 79' lang='lat' dir='ltr'>dar</span> <span class='ocrx_word' id='word_1_304' title='bbox 1211 3351 1276 3416; x_wconf 85' lang='lat' dir='ltr'>Liu.</span> <span class='ocrx_word' id='word_1_305' title='bbox 1292 3351 1378 3436; x_wconf 77' lang='lat' dir='ltr'>Spat.</span> <span class='ocrx_word' id='word_1_306' title='bbox 1391 3374 1423 3437; x_wconf 93' lang='lat' dir='ltr'>p.</span> <span class='ocrx_word' id='word_1_307' title='bbox 1433 3349 1483 3414; x_wconf 82' lang='grc'>18.</span> 
     </span>
     <span class='ocr_line' id='line_1_30' title="bbox 105 3455 1485 3540; baseline 0.001 -24"><span class='ocrx_word' id='word_1_308' title='bbox 105 3475 255 3521; x_wconf 87' lang='lat' dir='ltr'>numerum</span> <span class='ocrx_word' id='word_1_309' title='bbox 279 3466 387 3521; x_wconf 85' lang='lat' dir='ltr'>autem</span> <span class='ocrx_word' id='word_1_310' title='bbox 412 3457 606 3540; x_wconf 86' lang='lat' dir='ltr'>singularem</span> <span class='ocrx_word' id='word_1_311' title='bbox 629 3458 782 3521; x_wconf 89' lang='lat' dir='ltr'>adiectivi</span> <span class='ocrx_word' id='word_1_312' title='bbox 801 3457 971 3521; x_wconf 90' lang='lat' dir='ltr'>masculini</span> <span class='ocrx_word' id='word_1_313' title='bbox 991 3456 1044 3520; x_wconf 94' lang='lat' dir='ltr'>vel</span> <span class='ocrx_word' id='word_1_314' title='bbox 1068 3455 1214 3520; x_wconf 89' lang='lat' dir='ltr'>feminini</span> <span class='ocrx_word' id='word_1_315' title='bbox 1232 3455 1485 3539; x_wconf 53' lang='lat' dir='ltr'>generis-unde</span> 
     </span>
     <span class='ocr_line' id='line_1_31' title="bbox 105 3559 1484 3647; baseline 0.001 -26"><span class='ocrx_word' id='word_1_316' title='bbox 105 3561 209 3641; x_wconf 88' lang='lat' dir='ltr'>pendet</span> <span class='ocrx_word' id='word_1_317' title='bbox 223 3563 404 3646; x_wconf 79' lang='lat' dir='ltr'>genetivus,</span> <span class='ocrx_word' id='word_1_318' title='bbox 427 3560 549 3624; x_wconf 90' lang='lat' dir='ltr'>habent</span> <span class='ocrx_word' id='word_1_319' title='bbox 565 3570 688 3647; x_wconf 89' lang='lat' dir='ltr'>poetae,</span> <span class='ocrx_word' id='word_1_320' title='bbox 704 3562 829 3625; x_wconf 85' lang='lat' dir='ltr'>Ennius</span> <span class='ocrx_word' id='word_1_321' title='bbox 846 3570 878 3626; x_wconf 92' lang='lat' dir='ltr'>et</span> <span class='ocrx_word' id='word_1_322' title='bbox 893 3560 1065 3644; x_wconf 90' lang='lat' dir='ltr'>Vergilius.</span> <span class='ocrx_word' id='word_1_323' title='bbox 1098 3560 1138 3624; x_wconf 89' lang='grc'>(10</span> <span class='ocrx_word' id='word_1_324' title='bbox 1154 3559 1208 3623; x_wconf 91' lang='grc'>1110</span> <span class='ocrx_word' id='word_1_325' title='bbox 1224 3559 1265 3624; x_wconf 85' lang='lat' dir='ltr'>ef.</span> <span class='ocrx_word' id='word_1_326' title='bbox 1279 3560 1443 3624; x_wconf 82' lang='lat' dir='ltr'>Holtzium</span> <span class='ocrx_word' id='word_1_327' title='bbox 1458 3559 1484 3642; x_wconf 93' lang='lat' dir='ltr'>I,</span> 
     </span>
     <span class='ocr_line' id='line_1_32' title="bbox 105 3663 1484 3748; baseline 0 -22"><span class='ocrx_word' id='word_1_328' title='bbox 105 3664 205 3748; x_wconf 88' lang='grc'>0324,</span> <span class='ocrx_word' id='word_1_329' title='bbox 225 3667 282 3730; x_wconf 92' lang='lat' dir='ltr'>ubi</span> <span class='ocrx_word' id='word_1_330' title='bbox 298 3665 490 3730; x_wconf 85' lang='lat' dir='ltr'>adferuntur</span> <span class='ocrx_word' id='word_1_331' title='bbox 505 3667 590 3730; x_wconf 87' lang='lat' dir='ltr'>Ann.</span> <span class='ocrx_word' id='word_1_332' title='bbox 609 3666 636 3748; x_wconf 92' lang='lat' dir='ltr'>I,</span> <span class='ocrx_word' id='word_1_333' title='bbox 653 3667 691 3730; x_wconf 90' lang='lat' dir='ltr'>fr.</span> <span class='ocrx_word' id='word_1_334' title='bbox 709 3665 751 3729; x_wconf 88' lang='grc'>46</span> <span class='ocrx_word' id='word_1_335' title='bbox 770 3669 893 3730; x_wconf 87' lang='lat' dir='ltr'>‘sancta</span> <span class='ocrx_word' id='word_1_336' title='bbox 913 3664 1068 3746; x_wconf 87' lang='lat' dir='ltr'>dearum&#39;,</span> <span class='ocrx_word' id='word_1_337' title='bbox 1089 3664 1116 3746; x_wconf 91' lang='grc' dir='ltr'>Ι,</span> <span class='ocrx_word' id='word_1_338' title='bbox 1132 3665 1170 3729; x_wconf 88' lang='lat' dir='ltr'>fr.</span> <span class='ocrx_word' id='word_1_339' title='bbox 1188 3663 1230 3726; x_wconf 92' lang='grc'>20</span> <span class='ocrx_word' id='word_1_340' title='bbox 1246 3663 1311 3727; x_wconf 79' lang='lat' dir='ltr'>‘dia</span> <span class='ocrx_word' id='word_1_341' title='bbox 1330 3663 1484 3744; x_wconf 89' lang='lat' dir='ltr'>dearum’,</span> 
     </span>
     <span class='ocr_line' id='line_1_33' title="bbox 106 3767 1485 3854; baseline 0.002 -27"><span class='ocrx_word' id='word_1_342' title='bbox 106 3767 156 3832; x_wconf 88' lang='lat' dir='ltr'>inc.</span> <span class='ocrx_word' id='word_1_343' title='bbox 168 3772 231 3835; x_wconf 87' lang='lat' dir='ltr'>sed.</span> <span class='ocrx_word' id='word_1_344' title='bbox 244 3771 284 3836; x_wconf 89' lang='lat' dir='ltr'>fr.</span> <span class='ocrx_word' id='word_1_345' title='bbox 298 3771 339 3834; x_wconf 89' lang='grc'>33</span> <span class='ocrx_word' id='word_1_346' title='bbox 356 3773 485 3854; x_wconf 79' lang='lat' dir='ltr'>‘magna</span> <span class='ocrx_word' id='word_1_347' title='bbox 501 3771 655 3834; x_wconf 86' lang='lat' dir='ltr'>dearum&#39;.</span> <span class='ocrx_word' id='word_1_348' title='bbox 688 3771 803 3834; x_wconf 86' lang='lat' dir='ltr'>similia</span> <span class='ocrx_word' id='word_1_349' title='bbox 820 3769 908 3854; x_wconf 89' lang='lat' dir='ltr'>apud</span> <span class='ocrx_word' id='word_1_350' title='bbox 924 3768 1105 3853; x_wconf 86' lang='lat' dir='ltr'>Vergilium</span> <span class='ocrx_word' id='word_1_351' title='bbox 1119 3769 1270 3853; x_wconf 85' lang='lat' dir='ltr'>legimus:</span> <span class='ocrx_word' id='word_1_352' title='bbox 1287 3769 1369 3832; x_wconf 86' lang='lat' dir='ltr'>Aen.</span> <span class='ocrx_word' id='word_1_353' title='bbox 1382 3767 1413 3850; x_wconf 93' lang='grc'>4,</span> <span class='ocrx_word' id='word_1_354' title='bbox 1422 3767 1485 3830; x_wconf 79' lang='lat'>576</span> 
     </span>
     <span class='ocr_line' id='line_1_34' title="bbox 107 3872 1486 3962; baseline 0.004 -30"><span class='ocrx_word' id='word_1_355' title='bbox 107 3872 211 3938; x_wconf 84' lang='lat' dir='ltr'>‘sancte</span> <span class='ocrx_word' id='word_1_356' title='bbox 226 3875 382 3940; x_wconf 86' lang='lat' dir='ltr'>deorum’.</span> <span class='ocrx_word' id='word_1_357' title='bbox 415 3898 511 3962; x_wconf 91' lang='lat' dir='ltr'>quem</span> <span class='ocrx_word' id='word_1_358' title='bbox 526 3877 569 3941; x_wconf 91' lang='lat' dir='ltr'>ad</span> <span class='ocrx_word' id='word_1_359' title='bbox 585 3899 679 3940; x_wconf 90' lang='lat' dir='ltr'>usum</span> <span class='ocrx_word' id='word_1_360' title='bbox 696 3877 773 3962; x_wconf 91' lang='lat' dir='ltr'>quin</span> <span class='ocrx_word' id='word_1_361' title='bbox 789 3875 925 3939; x_wconf 89' lang='lat' dir='ltr'>alicuius</span> <span class='ocrx_word' id='word_1_362' title='bbox 941 3875 1036 3938; x_wconf 90' lang='lat' dir='ltr'>fuerit</span> <span class='ocrx_word' id='word_1_363' title='bbox 1056 3876 1209 3939; x_wconf 84' lang='lat' dir='ltr'>momenti</span> <span class='ocrx_word' id='word_1_364' title='bbox 1226 3873 1390 3939; x_wconf 79' lang='lat' dir='ltr'>Graecum</span> <span class='ocrx_word' id='word_1_365' title='bbox 1407 3873 1486 3937; x_wconf 88' lang='lat' dir='ltr'>illud</span> 
     </span>
     <span class='ocr_line' id='line_1_35' title="bbox 106 3976 1486 4064; baseline 0.004 -29"><span class='ocrx_word' id='word_1_366' title='bbox 106 3976 143 4038; x_wconf 80' lang='grc' dir='ltr'>δῖα</span> <span class='ocrx_word' id='word_1_367' title='bbox 156 3983 248 4064; x_wconf 81' lang='grc' dir='ltr'>θεάων,</span> <span class='ocrx_word' id='word_1_368' title='bbox 265 3981 401 4046; x_wconf 90' lang='lat' dir='ltr'>dubium</span> <span class='ocrx_word' id='word_1_369' title='bbox 417 4003 481 4045; x_wconf 93' lang='lat' dir='ltr'>non</span> <span class='ocrx_word' id='word_1_370' title='bbox 498 3992 555 4044; x_wconf 91' lang='grc'>001.</span> <span class='ocrx_word' id='word_1_371' title='bbox 584 3983 689 4045; x_wconf 90' lang='lat' dir='ltr'>minus</span> <span class='ocrx_word' id='word_1_372' title='bbox 704 3980 841 4061; x_wconf 86' lang='lat' dir='ltr'>insolita,</span> <span class='ocrx_word' id='word_1_373' title='bbox 858 3979 916 4043; x_wconf 91' lang='lat' dir='ltr'>sed</span> <span class='ocrx_word' id='word_1_374' title='bbox 932 4003 951 4042; x_wconf 89' lang='lat' dir='ltr'>a</span> <span class='ocrx_word' id='word_1_375' title='bbox 967 3981 1129 4044; x_wconf 88' lang='lat' dir='ltr'>communi</span> <span class='ocrx_word' id='word_1_376' title='bbox 1143 3989 1252 4044; x_wconf 88' lang='lat' dir='ltr'>tamen</span> <span class='ocrx_word' id='word_1_377' title='bbox 1268 3978 1398 4042; x_wconf 86' lang='lat' dir='ltr'>dicendi</span> <span class='ocrx_word' id='word_1_378' title='bbox 1415 4000 1486 4042; x_wconf 91' lang='lat' dir='ltr'>con-</span> 
     </span>
     <span class='ocr_line' id='line_1_36' title="bbox 107 4083 1486 4172; baseline 0.002 -29"><span class='ocrx_word' id='word_1_379' title='bbox 107 4085 258 4150; x_wconf 89' lang='lat' dir='ltr'>suetudine</span> <span class='ocrx_word' id='word_1_380' title='bbox 275 4086 415 4172; x_wconf 90' lang='lat' dir='ltr'>quodam</span> <span class='ocrx_word' id='word_1_381' title='bbox 430 4086 525 4150; x_wconf 92' lang='lat' dir='ltr'>modo</span> <span class='ocrx_word' id='word_1_382' title='bbox 546 4095 669 4150; x_wconf 90' lang='lat' dir='ltr'>remota</span> <span class='ocrx_word' id='word_1_383' title='bbox 685 4094 736 4148; x_wconf 87' lang='lat' dir='ltr'>est</span> <span class='ocrx_word' id='word_1_384' title='bbox 751 4086 842 4148; x_wconf 91' lang='lat' dir='ltr'>vocis</span> <span class='ocrx_word' id='word_1_385' title='bbox 858 4084 1024 4171; x_wconf 82' lang='lat' dir='ltr'>‘plerique&#39;</span> <span class='ocrx_word' id='word_1_386' title='bbox 1043 4107 1117 4148; x_wconf 88' lang='lat' dir='ltr'>cum</span> <span class='ocrx_word' id='word_1_387' title='bbox 1132 4086 1282 4169; x_wconf 88' lang='lat' dir='ltr'>genetivo</span> <span class='ocrx_word' id='word_1_388' title='bbox 1304 4083 1486 4148; x_wconf 91' lang='lat' dir='ltr'>coniunctio</span> 
     </span>
     <span class='ocr_line' id='line_1_37' title="bbox 24 4181 1487 4276; baseline -0.001 -25"><span class='ocrx_word' id='word_1_389' title='bbox 24 4181 25 4184; x_wconf 27' lang='lat'>¹</span> <span class='ocrx_word' id='word_1_390' title='bbox 108 4184 235 4275; x_wconf 78' lang='lat'>12,15,1</span> <span class='ocrx_word' id='word_1_391' title='bbox 255 4190 690 4276; x_wconf 83' lang='lat' dir='ltr'>‘plerosqueAeaeida1·um’,</span> <span class='ocrx_word' id='word_1_392' title='bbox 707 4188 759 4271; x_wconf 92' lang='grc'>41,</span> <span class='ocrx_word' id='word_1_393' title='bbox 774 4190 802 4270; x_wconf 95' lang='grc'>1,</span> <span class='ocrx_word' id='word_1_394' title='bbox 818 4188 858 4251; x_wconf 95' lang='grc'>12</span> <span class='ocrx_word' id='word_1_395' title='bbox 872 4188 1037 4275; x_wconf 87' lang='lat' dir='ltr'>‘pleraque</span> <span class='ocrx_word' id='word_1_396' title='bbox 1052 4188 1186 4253; x_wconf 89' lang='lat' dir='ltr'>finium’.</span> <span class='ocrx_word' id='word_1_397' title='bbox 1209 4189 1380 4272; x_wconf 85' lang='lat' dir='ltr'>genetivus</span> <span class='ocrx_word' id='word_1_398' title='bbox 1391 4188 1487 4272; x_wconf 90' lang='lat' dir='ltr'>parti·</span> 
     </span>
     <span class='ocr_line' id='line_1_38' title="bbox 106 4289 1487 4380; baseline 0.003 -30"><span class='ocrx_word' id='word_1_399' title='bbox 106 4289 179 4356; x_wconf 77' lang='grc'>11000</span> <span class='ocrx_word' id='word_1_400' title='bbox 200 4295 285 4380; x_wconf 87' lang='lat' dir='ltr'>apud</span> <span class='ocrx_word' id='word_1_401' title='bbox 308 4296 467 4359; x_wconf 90' lang='lat' dir='ltr'>Iustinum</span> <span class='ocrx_word' id='word_1_402' title='bbox 491 4296 589 4358; x_wconf 90' lang='lat' dir='ltr'>etiam</span> <span class='ocrx_word' id='word_1_403' title='bbox 613 4295 731 4379; x_wconf 89' lang='lat' dir='ltr'>legitur</span> <span class='ocrx_word' id='word_1_404' title='bbox 757 4303 830 4378; x_wconf 89' lang='lat' dir='ltr'>post</span> <span class='ocrx_word' id='word_1_405' title='bbox 852 4316 967 4358; x_wconf 87' lang='lat' dir='ltr'>vocem</span> <span class='ocrx_word' id='word_1_406' title='bbox 992 4293 1097 4357; x_wconf 83' lang='lat' dir='ltr'>‘mille’</span> <span class='ocrx_word' id='word_1_407' title='bbox 1122 4297 1154 4357; x_wconf 91' lang='lat' dir='ltr'>in</span> <span class='ocrx_word' id='word_1_408' title='bbox 1176 4314 1310 4357; x_wconf 90' lang='lat' dir='ltr'>numero</span> <span class='ocrx_word' id='word_1_409' title='bbox 1333 4290 1487 4376; x_wconf 88' lang='lat' dir='ltr'>singulari</span> 
     </span>
     <span class='ocr_line' id='line_1_39' title="bbox 106 4396 1487 4485; baseline 0.003 -29"><span class='ocrx_word' id='word_1_410' title='bbox 106 4396 235 4483; x_wconf 82' lang='lat' dir='ltr'>positam,</span> <span class='ocrx_word' id='word_1_411' title='bbox 253 4401 373 4485; x_wconf 91' lang='lat' dir='ltr'>quippe</span> <span class='ocrx_word' id='word_1_412' title='bbox 389 4421 472 4484; x_wconf 91' lang='lat' dir='ltr'>quae</span> <span class='ocrx_word' id='word_1_413' title='bbox 489 4399 680 4465; x_wconf 89' lang='lat' dir='ltr'>substantivi</span> <span class='ocrx_word' id='word_1_414' title='bbox 694 4400 850 4484; x_wconf 86' lang='lat' dir='ltr'>suscipiat</span> <span class='ocrx_word' id='word_1_415' title='bbox 865 4406 982 4484; x_wconf 88' lang='lat' dir='ltr'>partes,</span> <span class='ocrx_word' id='word_1_416' title='bbox 1000 4399 1092 4462; x_wconf 89' lang='lat' dir='ltr'>sicuti</span> <span class='ocrx_word' id='word_1_417' title='bbox 1106 4397 1269 4462; x_wconf 80' lang='lat' dir='ltr'>Graecum</span> <span class='ocrx_word' id='word_1_418' title='bbox 1284 4396 1364 4461; x_wconf 87' lang='lat' dir='ltr'>illud</span> <span class='ocrx_word' id='word_1_419' title='bbox 1379 4398 1487 4478; x_wconf 77' lang='grc' dir='ltr'>χιλιάςε</span> 
     </span>
     <span class='ocr_line' id='line_1_40' title="bbox 106 4495 1489 4591; baseline 0.001 -27"><span class='ocrx_word' id='word_1_420' title='bbox 106 4495 149 4575; x_wconf 86' lang='grc'>31,</span> <span class='ocrx_word' id='word_1_421' title='bbox 162 4501 187 4584; x_wconf 88' lang='grc'>3,</span> <span class='ocrx_word' id='word_1_422' title='bbox 199 4502 217 4566; x_wconf 84' lang='grc'>8</span> <span class='ocrx_word' id='word_1_423' title='bbox 234 4507 375 4571; x_wconf 83' lang='lat' dir='ltr'>‘eentum</span> <span class='ocrx_word' id='word_1_424' title='bbox 390 4527 492 4570; x_wconf 88' lang='lat' dir='ltr'>naves</span> <span class='ocrx_word' id='word_1_425' title='bbox 505 4513 537 4568; x_wconf 90' lang='lat' dir='ltr'>et</span> <span class='ocrx_word' id='word_1_426' title='bbox 550 4505 664 4570; x_wconf 88' lang='lat' dir='ltr'>decem</span> <span class='ocrx_word' id='word_1_427' title='bbox 676 4503 765 4568; x_wconf 86' lang='lat' dir='ltr'>milia</span> <span class='ocrx_word' id='word_1_428' title='bbox 777 4503 922 4591; x_wconf 89' lang='lat' dir='ltr'>peditum</span> <span class='ocrx_word' id='word_1_429' title='bbox 934 4515 966 4567; x_wconf 90' lang='lat' dir='ltr'>et</span> <span class='ocrx_word' id='word_1_430' title='bbox 977 4503 1064 4566; x_wconf 92' lang='lat' dir='ltr'>mille</span> <span class='ocrx_word' id='word_1_431' title='bbox 1077 4503 1222 4589; x_wconf 92' lang='lat' dir='ltr'>equitum</span> <span class='ocrx_word' id='word_1_432' title='bbox 1233 4502 1408 4588; x_wconf 88' lang='lat' dir='ltr'>poscebat&#39;.</span> <span class='ocrx_word' id='word_1_433' title='bbox 1436 4500 1489 4565; x_wconf 88' lang='lat' dir='ltr'>hic</span> 
     </span>
    </p>
   </div>
   <div class='ocr_carea' id='block_1_15' title="bbox 24 4608 1487 4782">
    <p class='ocr_par' dir='ltr' id='par_1_15' title="bbox 24 4608 1487 4782">
     <span class='ocr_line' id='line_1_41' title="bbox 24 4608 1487 4694; baseline 0.005 -30"><span class='ocrx_word' id='word_1_434' title='bbox 24 4637 25 4640; x_wconf 17' lang='grc' dir='ltr'><strong>κ</strong></span> <span class='ocrx_word' id='word_1_435' title='bbox 105 4622 170 4668; x_wconf 88' lang='grc'>0000</span> <span class='ocrx_word' id='word_1_436' title='bbox 184 4612 269 4674; x_wconf 89' lang='lat' dir='ltr'>vocis</span> <span class='ocrx_word' id='word_1_437' title='bbox 282 4609 388 4674; x_wconf 84' lang='lat' dir='ltr'>‘mille’</span> <span class='ocrx_word' id='word_1_438' title='bbox 402 4610 550 4675; x_wconf 93' lang='lat' dir='ltr'>omnibus</span> <span class='ocrx_word' id='word_1_439' title='bbox 565 4611 633 4675; x_wconf 86' lang='lat' dir='ltr'>fere</span> <span class='ocrx_word' id='word_1_440' title='bbox 648 4609 779 4694; x_wconf 86' lang='lat' dir='ltr'>linguae</span> <span class='ocrx_word' id='word_1_441' title='bbox 794 4608 913 4674; x_wconf 85' lang='lat' dir='ltr'>latinae</span> <span class='ocrx_word' id='word_1_442' title='bbox 925 4608 1089 4673; x_wconf 91' lang='lat' dir='ltr'>invenitur</span> <span class='ocrx_word' id='word_1_443' title='bbox 1104 4608 1274 4692; x_wconf 89' lang='lat' dir='ltr'>aetatibus,</span> <span class='ocrx_word' id='word_1_444' title='bbox 1291 4629 1487 4694; x_wconf 87' lang='lat' dir='ltr'>quamquam</span> 
     </span>
     <span class='ocr_line' id='line_1_42' title="bbox 147 4725 1333 4782; baseline 0.008 -17"><span class='ocrx_word' id='word_1_445' title='bbox 147 4725 307 4772; x_wconf 77' lang='lat' dir='ltr'>Dissertationes</span> <span class='ocrx_word' id='word_1_446' title='bbox 321 4731 396 4782; x_wconf 85' lang='lat' dir='ltr'>philol.</span> <span class='ocrx_word' id='word_1_447' title='bbox 404 4731 494 4772; x_wconf 84' lang='lat' dir='ltr'>Vindob.</span> <span class='ocrx_word' id='word_1_448' title='bbox 508 4732 538 4772; x_wconf 82' lang='lat'>11.</span> <span class='ocrx_word' id='word_1_449' title='bbox 1318 4733 1333 4782; x_wconf 75' lang='grc'><strong>7</strong></span> 
     </span>
    </p>
   </div>
   <div class='ocr_carea' id='block_1_16' title="bbox 0 0 1631 5092">
    <p class='ocr_par' dir='ltr' id='par_1_16' title="bbox 0 0 1631 5092">
     <span class='ocr_line' id='line_1_43' title="bbox 0 0 1631 5092; baseline 0 0"><span class='ocrx_word' id='word_1_450' title='bbox 0 0 1631 5092; x_wconf 95' lang='lat' dir='ltr'> </span> 
     </span>
    </p>
   </div>
  </div>
 </body>
</html>
