3225 5092
1489 231 1551 295 183

153 423 220 485 vim
236 421 476 485 adfirmativam
488 424 740 504 nancisceretur,
757 423 933 508 quaeritur,
950 431 1058 487 utrum
1072 422 1122 486 his
1136 423 1216 488 locis
1233 428 1326 486 οὺιιοῦν
1343 422 1553 489 scribendum

154 527 196 589 sit
210 547 253 590 an
273 529 322 588 oba
341 522 386 589 οὖν
406 548 449 589 an
469 526 573 611 οὔκουν,
591 528 631 591 of.
650 525 813 612 Gebauer,
834 549 901 612 arg.
919 549 962 592 ex
978 537 1078 592 contr.
1091 551 1122 613 p.
1137 527 1209 592 309.
1240 549 1300 611 ego
1320 530 1427 612 igitur,
1444 551 1554 615 quam-

155 653 252 716 quam
278 652 332 694 res
354 632 426 715 ipsa
448 629 578 694 levioris
605 632 760 696 momenti
787 640 850 714 est,
874 631 1195 719 Breitenbachium1)
1219 643 1350 697 secutus
1373 636 1553 698 recentiore

155 735 286 821 quidem
298 744 423 821 aetate,
441 757 505 820 qua
521 738 614 798 οὐκοῦν
630 737 695 799 iam
711 737 745 800 in
760 757 822 800 usu
837 735 936 800 fuisse
953 736 1236 818 demonstrabitur,
1257 737 1376 801 talibus
1394 737 1473 801 loeis
1489 761 1553 802 om-

119 825 120 828 *
152 839 248 905 nibus
268 839 412 904 scribere
431 840 541 904 malim
561 840 682 921 ciacon
709 840 858 904 codicum
878 842 964 904 enim
984 843 1024 906 in·
1037 843 1106 905 eius
1128 841 1215 906 modi
1236 840 1334 906 rebus
1352 841 1449 928 plane
1465 843 1553 908 nulla

155 955 204 1009 est
224 947 409 1009 auctoritas.
441 945 498 1009 sed
515 944 618 1009 Thuc.
636 944 687 1009 III
702 945 759 1027 63,
780 944 800 1008 2
822 947 1001 1032 ceterisque
1022 947 1090 1011 eius
1110 948 1274 1032 scriptoris
1294 945 1373 1010 locis
1393 948 1554 1032 totiusque

155 1051 280 1131 aetatis,
298 1051 350 1114 cui
362 1051 544 1114 coniunctio
560 1049 767 1114 adfirmativa
783 1052 878 1112 οὺιιοῦι
890 1052 1033 1116 ιιοιιιιιιιιι
1046 1053 1175 1135 cognita
1190 1051 1289 1114 firisse
1302 1051 1442 1133 videtur,
1456 1051 1553 1134 unde,

155 1156 181 1218 si
197 1159 246 1216 oba
261 1155 327 1218 vim
344 1155 531 1238 negativam
545 1155 717 1238 retinebat,
738 1177 810 1218 eam
830 1154 990 1240 syllabam
1014 1155 1234 1239 distinguendi
1250 1156 1554 1241 internoscendique

156 1280 253 1324 causa
273 1259 346 1322 acui
367 1281 431 1322 non
451 1258 631 1345 oportebat,
651 1281 748 1324 voces
769 1259 851 1324 duas
873 1282 1025 1345 separare
1040 1260 1154 1342 velim,
1178 1270 1291 1325 contra
1305 1262 1339 1324 in
1356 1260 1472 1325 Andl
1490 1262 1553 1326 102

154 1365 218 1428 iam
230 1372 390 1448 antepono
407 1365 601 1449 scripturam
617 1365 721 1427 οὔκουν.
840 1451 861 1514 2

258 1572 323 1638 Sed
339 1573 522 1638 accuratius
544 1572 718 1638 dicendum
735 1582 783 1636 est
799 1572 841 1636 de
856 1577 983 1655 οὐκοῦν,
1005 1574 1095 1637 cuius
1116 1575 1203 1638 notio
1222 1573 1428 1638 adfirmativa
1447 1597 1489 1638 ex
1506 1580 1555 1636 οὺιι

154 1678 200 1738 οὖν
219 1677 386 1762 particulis
406 1679 497 1741 initio
518 1678 808 1762 interrogationum
828 1678 940 1762 positis
961 1699 998 1740 eo
1014 1686 1084 1742 crta
1099 1686 1159 1762 est,
1180 1678 1266 1762 quod
1286 1679 1320 1742 vi
1335 1681 1492 1745 enuntiati
1508 1681 1553 1743 in-

154 1785 351 1868 terrogativa
368 1782 551 1848 obhtterata
567 1803 623 1848 eae
636 1806 734 1848 voces
747 1783 1037 1867 coniungebantur.
1065 1785 1097 1847 in
1109 1783 1268 1848 Herodoti
1279 1782 1371 1848 libris
1383 1787 1478 1846 οὐκοῦν
1489 1806 1554 1848 non

154 1889 327 1969 invenitur,
340 1888 426 1972 quod
440 1890 537 1952 etiam
549 1888 726 1953 Hoffmann
737 1912 769 1974 p.
784 1888 803 1950 8
816 1890 937 1968 statuit,
954 1910 1028 1952 cum
1041 1888 1165 1952 diceret
1177 1898 1348 1973 utramque
1360 1887 1554 1973 particulam

154 2013 245 2056 suam
261 2013 390 2076 semper
401 1995 468 2056 vim
480 1992 568 2078 apud
581 1992 784 2057 Herodotum
796 1991 978 2078 retinerefl)
1004 2014 1110 2077 neque
1125 1992 1180 2057 illa
1194 1993 1353 2078 particula
1368 1993 1555 2058 conclusiva

154 2095 203 2159 usi
224 2104 308 2177 sunt,
330 2098 384 2183 qui
404 2096 502 2182 paulo
522 2106 596 2182 post
610 2097 814 2161 Herodotum
829 2098 969 2181 fuerunt,
991 2099 1173 2183 scriptores.
1206 2097 1262 2160 sed
1282 2099 1313 2160 in
1331 2098 1444 2182 primis
1459 2097 1554 2162 huius

155 2222 231 2264 usus
253 2202 445 2265 testimoniis
469 2200 656 2286 ducendum
680 2211 728 2265 est
748 2200 835 2266 And.
852 2201 902 2264 IIl
921 2202 975 2283 103
1004 2211 1117 2266 contra
1138 2203 1172 2266 in
1195 2201 1393 2266 orationibus
1408 2200 1451 2264 ΙΙ.
1469 2211 1502 2265 et
1516 2200 1554 2287 Ι,,

155 2325 237 2390 quae
258 2305 367 2369 multis
389 2309 481 2371 annis
502 2317 577 2371 ante
597 2305 728 2370 habitae
755 2314 843 2389 sunt,
866 2306 990 2371 nullum
1010 2309 1079 2371 eius
1100 2314 1207 2371 exstat
1227 2306 1421 2392 exemplum.
1453 2306 1554 2371 altero

155 2418 263 2474 autem
280 2409 460 2474 Andocidis
480 2409 561 2497 loco,
582 2433 644 2496 quo
661 2411 754 2475 Blass
771 2414 864 2473 οὐκοῦν
886 2411 997 2493 edidit,
1018 2411 1069 2474 III
1087 2412 1128 2474 14
1143 2411 1354 2476 scribendum
1373 2433 1444 2475 esse
1459 2412 1554 2474 οὔκουν

157 2524 188 2579 et
203 2515 237 2579 in
252 2515 317 2578 fine
334 2515 491 2578 enuntiati
507 2518 634 2599 signum
650 2517 910 2599 interrogationis
926 2515 1113 2601 ponendum
1128 2524 1222 2601 put03
1239 2537 1380 2600 namque
1396 2519 1554 2581 sententia

154 2621 316 2703 negativa,
341 2641 423 2705 quae
445 2640 488 2682 ex
509 2622 759 2703 interrogatione
779 2619 985 2684 antecedenti
1007 2619 1176 2704 colligitur,
1197 2641 1326 2705 quaque
1345 2620 1468 2684 insulas
1483 2620 1555 2684 illas

154 2726 245 2808 pacis
260 2723 332 2806 lege
348 2723 513 2809 adsignari
526 2723 781 2789 Atheniensibus
793 2733 942 2808 negatur,
959 2725 1053 2789 simul
1065 2747 1140 2789 cum
1151 2723 1206 2788 illa
1220 2727 1379 2788 acerrime
1394 2724 1555 2789 refutatur

154 2830 414 2912 interrogationis
430 2828 535 2893 forma
551 2839 701 2915 accepta:
719 2831 785 2890 ἀλλ’
795 2834 871 2904 ὅπως
886 2831 935 2904 τὰς
950 2835 1047 2905 νήσους
1063 2834 1251 2912 κομισώμεθα,
1265 2833 1378 2907 Λῆμνον
1394 2831 1441 2892 καὶ
1452 2833 1554 2912 Σκῦρον

155 2933 201 2994 καὶ
217 2933 341 3016 Ἴμβρον,
359 2955 402 2996 sc.
416 2935 621 3012 πολεμήσωμεν
626 2959 638 3016 ,·
661 2935 756 2996 οὔκουν
773 2937 920 3017 διαρρήδην
937 2939 1089 3016 γέγραπται
1105 2937 1202 3007 τούτοις
1220 2937 1369 3012 Ἀθηναίων
1385 2931 1473 3015 εἶναι,
1492 2933 1555 2998 alia

155 3037 304 3122 exempla
317 3037 488 3124 desumpta
504 3062 547 3103 ex
562 3039 743 3104 oratoribus
761 3048 835 3102 sunt
847 3039 926 3125 Lys.
939 3040 973 3104 X
988 3037 1037 3121 12,
1053 3038 1223 3102 XXVIIII
1238 3039 1269 3120 4,
1286 3038 1384 3102 Isocr.
1397 3038 1463 3103 XV
1479 3037 1553 3121 253,

155 3141 251 3206 Dem.
264 3141 368 3205 XIIII
384 3143 435 3226 27,
453 3143 601 3207 Aeschl
620 3143 691 3207 159.

258 3246 403 3311 Maxime
429 3257 538 3312 autem
562 3248 778 3333 frequentiam
803 3247 899 3312 huius
925 3248 1160 3312 coniunctionis
1180 3247 1386 3312 adauxerunt
1406 3245 1498 3311 Plato
1523 3255 1555 3310 et

154 3352 350 3438 Xenophon,
373 3355 426 3438 qui
447 3354 480 3416 in
496 3351 743 3418 Commentariis
758 3353 925 3418 LXXVII
941 3352 1020 3418 locis
1036 3356 1131 3415 οὺκοῦν
1146 3354 1253 3437 posuit
1273 3360 1355 3416 teste
1370 3352 1553 3438 Roquettio,

156 3457 196 3520 de
211 3456 437 3543 Xenophontis
454 3459 521 3522 vita
536 3480 568 3543 p.
583 3458 664 3543 39.3)

279 3599 298 3663 ¹)
313 3598 365 3660 Qui
378 3617 403 3665 p.
419 3602 467 3648 120
480 3601 518 3649 sic
531 3599 690 3665 disputavit:
713 3599 750 3648 Ee
767 3598 836 3648 wird
852 3601 881 3647 ιἰι
897 3598 947 3648 ders
963 3601 1067 3647 ιιιοιιιοη
1080 3597 1173 3647 Fatua
1185 3598 1281 3647 schwer
1292 3615 1324 3646 aa
1336 3585 1554 3657 bartimmea'eeira,

155 3687 184 3734 cb
200 3679 242 3734 οὖν
259 3687 376 3736 ιοινιιιίοιι
393 3704 442 3737 vmt
458 3687 553 3738 celeber
564 3685 713 3751 Bedeatuaq
729 3689 778 3749 sei,
795 3685 856 3736 dass
872 3702 897 3734 es
915 3689 960 3734 nait
976 3688 1084 3748 οἱμοηοιη
1095 3684 1188 3734 Accent
1204 3684 1259 3734 aad
1273 3691 1388 3749 petr-erent
1400 3702 1448 3734 von
1460 3681 1504 3732 οὖν.
1514 3701 1554 3749 pc·

154 3775 283 3824 ιιιινιοόοιι
295 3773 396 3824 werden
408 3778 489 3825 melseo
500 3773 561 3824 oder
570 3774 646 3824 nicht.
672 3773 769 3824 Geeetzt
781 3776 843 3823 aber
854 3774 918 3823 οιιοιι
931 3772 985 3823 dies
997 3773 1068 3822 licere
1079 3771 1133 3822 oieb
1144 3773 1243 3821 ι’ὶόονοιι
1253 3775 1298 3821 nait
1309 3772 1492 3821 Bestimmtbeit
1504 3779 1555 3821 eut·

154 3860 278 3921 echelden,
291 3880 318 3911 eo
330 3864 384 3911 tritt
396 3860 459 3911 doch
469 3861 515 3911 der
526 3861 595 3910 nicht
607 3862 756 3926 anwichtipe
772 3859 924 3912 Ucbebtand
935 3863 984 3920 eia,
997 3859 1057 3910 duee
1069 3875 1095 3909 eo
1106 3863 1254 3924 wenipstcrw
1266 3859 1323 3908 dem
1332 3859 1420 3908 Hb'rer
1431 3860 1500 3909 nicht
1510 3866 1555 3924 put

154 3948 259 4014 visplica
271 3951 326 3998 seira
338 3949 434 4008 warde,
447 3945 490 3997 οὐκ
505 3941 546 3997 οὖν
558 3949 695 3998 wiederam
708 3965 755 3998 oon
767 3945 855 3997 οὐκοῦν
872 3948 936 3997 arach
949 3949 988 3997 bei
1000 3951 1069 3996 eiacr
1081 3948 1245 4014 rorpfctltipen
1255 3946 1417 4011 Aruspracbe
1427 3964 1459 3996 aa
1470 3954 1553 3996 unta·-

154 4035 278 4085 ecbeiden.
290 4064 322 4071 -
341 4034 396 4086 Voa
405 4033 491 4084 οὐκοῦν
503 4052 580 4102 rupen
593 4036 635 4086 die
649 4035 844 4086 Grammatilccr
855 4035 925 4085 nicht
937 4036 1002 4085 blom
1011 4052 1062 4099 yar
1078 4035 1155 4095 nicht,
1169 4035 1231 4084 daec
1248 4050 1273 4084 cs
1285 4038 1313 4083 in
1325 4034 1372 4084 der
1385 4034 1472 4098 Frape
1483 4034 1554 4095 steht,

154 4121 265 4172 eoadem
281 4125 317 4172 sie
333 4139 409 4188 sapen
426 4140 502 4188 sopor
516 4141 583 4188 quaa
600 4125 729 4185 destituant,
742 4140 767 4174 es
778 4127 816 4174 eei
828 4110 1070 4188 eine'cyllopiotiecbe
1084 4122 1209 4182 Partilrel,
1226 4124 1254 4171 ιιι
1266 4121 1313 4171 der
1324 4121 1366 4170 dic
1378 4121 1504 4187 Nepotion
1516 4124 1555 4171 be·

155 4209 313 4276 deutauyshc
329 4212 372 4260 cei.
397 4211 494 4260 Hiemit
506 4213 617 4261 konatea
633 4213 668 4261 ste
685 4211 746 4260 aber
762 4211 845 4261 ιιιοιιιι
859 4209 967 4260 audace
978 4208 1139 4259 caedriickea
1150 4209 1246 4268 wolton,
1264 4209 1304 4257 ab
1316 4207 1378 4258 doce
1390 4205 1474 4257 οὐκοῦν
1486 4210 1555 4258 nicht

155 4297 194 4347 ab
205 4300 317 4363 myctica
332 4297 536 4363 Βιαρορονιιιιοι,
549 4297 661 4348 smadera
672 4315 724 4348 aar
735 4297 774 4348 ab
786 4298 942 4363 affimativa
956 4297 1225 4362 Folperuapepartilcel
1234 4296 1372 4360 pebraucltt
1383 4295 1480 4346 wrtrde.

260 4384 280 4450 ²)
293 4384 395 4434 iniuria
407 4387 491 4451 igitur
503 4385 578 4435 Stein
591 4401 652 4435 eum
666 4385 838 4450 reprehendit
853 4387 881 4435 in
893 4386 1016 4435 Bursiani
1030 4383 1120 4434 annal.
1131 4383 1261 4432 XXXXH
1276 4384 1337 4432 156:
1356 4383 1512 4433 Uetereebea
1523 4387 1555 4433 ist

155 4470 201 4522 der
213 4472 318 4537 Mmtqel
329 4470 373 4521 des
382 4475 508 4536 positivam
521 4469 599 4520 οὐκῶν
612 4475 697 4537 Igitur.

261 4559 281 4623 ³)
296 4558 335 4608 Cf.
347 4558 452 4608 Birkler
465 4576 490 4624 p.
504 4562 546 4609 10:
565 4560 618 4610 Wie
627 4562 671 4609 mit
681 4557 715 4619 δέ,
728 4576 756 4608 ιο
764 4561 799 4608 iet
808 4559 950 4623 Xcrwpbon
959 4561 1000 4607 eia
1010 4557 1147 4607 cademcl
1154 4554 1398 4606 verscbweuderircb
1406 4558 1452 4606 mit
1461 4553 1555 4607 οὐκοῦν.

157 4645 302 4711 Gleiniger,
317 4645 349 4695 de
362 4645 551 4711 Xenophontis
567 4644 671 4710 libello,
685 4647 731 4711 qui
748 4643 820 4713 πόροι
832 4645 994 4708 inscribitur,
1007 4661 1033 4709 p.
1046 4646 1093 4693 55:
1112 4639 1198 4698 οὐκοῦν
1211 4643 1369 4708 particulam
1381 4649 1403 4693 οι
1415 4644 1474 4710 γοῦν
1486 4643 1557 4707 apul
