3225 5092
143 387 217 464 post
229 375 454 444 Alexandrum
466 397 577 442 omnes
590 377 690 441 duces
701 376 935 464 fastidiebant)
948 385 981 441 et
995 379 1042 442 rei
1058 376 1125 464 (35,
1140 378 1202 460 1,2
1218 382 1360 465 ‘propter
1375 378 1529 442 fastiditas

145 483 261 548 sororis
285 480 438 569 nuptias')
458 482 500 546 ab
517 481 638 546 Iustino
655 483 867 547 consociatur.
898 484 1056 568 posterior
1078 491 1241 548 structura
1263 485 1392 547 nonita
1410 483 1530 547 161611

146 587 342 653 carminibus
357 586 448 651 velut
462 585 541 650 Hor.
555 584 589 651 C.
605 585 636 667 3,
651 586 678 670 l,
691 585 733 650 23
750 589 892 652 ‘somnus
906 589 1083 670 agrestium
1097 586 1179 651 lenis
1194 589 1337 653 virorum
1355 609 1422 652 non
1434 586 1530 651 humi-

143 692 190 757 les
206 691 317 757 domos
332 691 457 757 fastidit
472 689 723 775 umbrosamque
738 690 863 775 ripam',
885 699 917 754 et
936 691 1024 775 apud
1045 692 1219 778 scriptores
1233 701 1407 776 argenteae
1421 692 1530 756 aetatis

144 797 233 861 velut
249 797 358 878 Quint.
371 795 449 859 Inst.
467 816 512 859 or.
531 794 560 876 1,
583 795 611 878 1,
631 793 670 857 18
692 794 829 858 ‘lucrum
848 794 1059 859 fastidiamus’
1080 797 1243 861 invenitur
1260 805 1358 881 atque
1379 796 1531 860 6116111611

144 899 258 966 016116
278 899 431 964 adnotavi
450 899 512 963 hoc
533 898 732 984 exemplum:
752 898 783 983 5,
796 899 827 980 4,
842 898 883 963 15
900 907 944 963 ‘ut
958 901 1028 964 iure
1042 899 1248 966 fastidiantur
1266 900 1393 965 aliena’.
1422 901 1531 988 prioris

145 1013 324 1070 structurae
351 1002 501 1090 exempla
524 1003 732 1088 suppeditant
751 1003 851 1086 Verg.
872 1003 952 1068 Buc.
973 1003 1003 1084 2,
1025 1005 1065 1069 13
1089 1004 1126 1070 ‘si
1148 1014 1181 1070 te
1204 1003 1257 1070 hic
1279 1003 1423 1087 fastidit,
1445 1002 1530 1068 Ourt.

145 1108 222 1194 8,l,
242 1108 281 1173 13
305 1107 476 1174 ‘fastidires
499 1108 597 1172 etiam
619 1107 740 1172 Iovem’
764 1106 804 1172 61.
843 1108 939 1173 flere
962 1110 1067 1194 iungit
1088 1109 1230 1174 Iustinus
1253 1132 1328 1176 oum
1349 1109 1532 1174 accusativo

144 1234 301 1300 personae
315 1212 368 1295 23,
381 1211 411 1294 2,
426 1211 466 1276 10
482 1211 614 1277 ‘flebant
629 1211 662 1275 hi
677 1214 866 1278 morientem
882 1222 1017 1297 patrem,
1032 1212 1086 1278 1116
1102 1213 1215 1279 exules
1230 1212 1533 1296 11116161’6128,4,4

145 1317 242 1382 ‘nulla
261 1317 415 1384 amissum
436 1317 606 1401 coniugem
625 1315 724 1380 flevit’
746 1316 861 1382 eodem
877 1318 973 1382 modo
993 1340 1055 1404 quo
1075 1328 1190 1406 poetae
1211 1318 1267 1405 (of.
1284 1319 1364 1383 Hor.
1381 1316 1533 1395 (1116

145 1422 254 1487 ‘fidem
272 1428 474 1507 mutatosque
491 1420 567 1486 deos
583 1420 694 1504 flebit’,
710 1420 811 1506 Verg.
823 1422 906 1487 Aen.
919 1421 950 1505 5,
963 1422 1027 1486 614
1048 1426 1211 1488 ‘amissum
1225 1423 1392 1488 Anchisen
1405 1421 1533 1486 flebant’

145 1524 201 1613 al.)
224 1536 256 1589 61
280 1529 466 1612 scriptores,
495 1527 550 1611 qui
573 1527 721 1611 proximo
744 1535 817 1611 post
839 1525 980 1611 Augusti
1002 1538 1141 1592 aetatem
1165 1531 1358 1592 exstiterunt
1367 1527 1390 1614 ¹)
1414 1525 1534 1613 (Valer.

145 1630 234 1695 Max.
248 1631 277 1714 6,
290 1631 320 1716 3,
333 1632 362 1695 6.
379 1631 464 1695 Flor.
480 1630 508 1713 1,
523 1631 551 1714 1,
564 1629 624 1712 3,5
636 1629 702 1717 61.).
727 1641 896 1716 praeterea
907 1630 968 1696 hoc
980 1631 1117 1697 verbum
1129 1631 1171 1696 ab
1185 1654 1221 1696 66
1233 1631 1381 1697 6111611116
1394 1633 1534 1718 ponitur:

146 1735 196 1818 12,
211 1734 261 1818 12,
275 1735 307 1818 6,
328 1735 377 1819 12,
392 1734 441 1812 15,
454 1734 484 1799 2.
512 1735 570 1799 sed
584 1755 662 1799 num
678 1734 729 1816 18,
741 1735 771 1814 4,
787 1735 827 1798 13
843 1734 905 1799 hoc
916 1735 1053 1801 verbum
1068 1738 1234 1822 scripserit
1247 1737 1400 1821 Iustinus,
1416 1734 1536 1821 aliquid

144 1839 245 1905 habet
260 1840 478 1905 dubitationis.
503 1838 666 1925 discrepat
677 1841 762 1905 611111
774 1839 835 1904 hoe
846 1839 917 1905 1666
930 1841 1079 1906 codicum
1094 1843 1249 1906 memoria
1264 1844 1320 1927 116,
1336 1851 1371 1906 ut
1388 1836 1536 1904 codiceC

146 1947 225 2010 ‘tum
246 1945 325 2010 flens
348 1947 418 2030 ipsa
440 1944 634 2029 lugubrique
653 1967 735 2009 voce
754 1943 944 2009 Acherbam
966 1946 1038 2010 ciet'
1055 1946 1265 2032 praebeatur,
1290 1945 1419 2011 codices
1439 1941 1537 2007 ΙΤΖΡ

147 2052 261 2115 6616111
282 2049 416 2115 vocibus
436 2049 505 2113 fere
525 2072 591 2113 non
614 2051 744 2114 mutatis
765 2049 903 2115 verbum
925 2053 1136 2136 compositum
1158 2051 1299 2115 ‘deflens'
1322 2049 1538 2136 suppeditent·

146 2155 232 2240 quod
252 2153 331 2218 mihi
344 2162 554 2240 ,nequaquam
577 2153 795 2239 spernendum
817 2154 960 2240 videtur,
983 2177 1179 2241 quamquam
1198 2155 1353 2221 Ruehlius
1375 2155 1492 2218 codicis
1512 2153 1539 2218 Ο

145 2260 336 2323 auctoritate
351 2261 446 2323 nimis
463 2259 602 2322 confisus
618 2267 654 2323 ut
669 2257 830 2324 nonnullis
850 2259 920 2323 aliis
935 2258 1014 2324 locis
1029 2262 1074 2324 ita
1089 2270 1122 2324 61
1136 2261 1188 2324 hic
1202 2260 1442 2324 insolentiorem
1455 2257 1539 2322 16611-

145 2366 264 2428 tionem
276 2362 492 2448 spernendam
507 2384 577 2426 esse
590 2364 726 2448 putavit.
755 2372 788 2426 at
805 2365 953 2449 quamvis
969 2385 1041 2428 raro
1054 2363 1190 2429 verbum
1204 2363 1355 2449 ‘deflere'‚
1373 2364 1458 2448 quod
1475 2384 1540 2427 non

146 2469 257 2552 ignoro
282 2469 396 2532 ceteris
416 2466 531 2532 Iustini
554 2466 632 2530 locis
655 2466 700 2553 (5,
718 2467 747 2550 7,
766 2467 799 2548 73
821 2467 851 2550 5,
870 2467 946 2549 8,13
970 2468 1019 2551 19,
1036 2469 1065 2546 3,
1079 2468 1113 2554 2)
1136 2468 1315 2533 secundum
1338 2489 1541 2533 communem

147 2571 275 2636 dicendi
304 2570 569 2635 consuetudinem
596 2593 706 2636 secum
732 2571 855 2636 habere
881 2573 1054 2657 obiectum,
1087 2575 1155 2637 sine
1181 2574 1366 2638 accusativo
1392 2581 1540 2657 ponatur,

147 2684 256 2740 tamen
276 2674 369 2738 huius
389 2697 465 2739 usus
485 2697 549 2739 non
569 2674 664 2761 plane
686 2674 799 2739 deesse
820 2675 971 2760 exempla
990 2675 1541 2764 6116161166618611111611616.

149 2780 207 2843 sed
226 2781 332 2843 minus
347 2779 456 2844 hercle
476 2801 515 2844 66
535 2801 605 2843 6116
620 2779 760 2844 valitura
778 2779 821 2844 ad
842 2781 928 2844 hunc
948 2781 1078 2865 quidem
1096 2779 1203 2846 locum
1223 2791 1311 2845 recte
1330 2781 1542 2845 iudicandum

147 2883 287 2948 libenter
302 2883 454 2966 concedo,
475 2885 537 2948 nisi
553 2883 641 2948 aliud
657 2883 828 2948 accederet
843 2895 1078 2969 argumentum.
1109 2885 1253 2950 Iustinus
1273 2888 1358 2950 enim
1378 2886 1473 2949 sicuti
1488 2883 1543 2948 alii

149 2987 281 3074 quidam
298 2989 469 3074 scriptores
484 2988 587 3053 verba
603 3010 677 3051 cum
692 2989 983 3073 praepositionibus
999 2992 1176 3075 composita
1189 3012 1248 3074 pro
1269 2988 1469 3075 simplicibus
1488 2989 1543 3052 ad-

148 3091 260 3156 hibere
285 3091 363 3156 solet
385 3093 443 3170 ita,
468 3101 503 3156 ut
525 3092 675 3176 neglecta
694 3115 776 3177 quae
800 3094 955 3178 cuiusque
974 3095 1218 3179 praepositionis
1237 3096 1278 3158 sit
1296 3077 1427 3180 propria
1447 3095 1542 3178 signi-

149 3196 298 3260 ficatione
312 3197 385 3282 ipsa
400 3205 524 3260 tantum
537 3195 630 3260 verbi
642 3197 691 3259 vis
707 3195 900 3261 intendatur.
926 3219 987 3282 quo
999 3198 1207 3263 referendum
1222 3199 1256 3261 id
1272 3220 1397 3283 quoque
1412 3197 1544 3261 videtur

150 3298 350 3386 exemplum,
375 3301 415 3365 de
436 3322 498 3386 quo
518 3301 633 3382 agitur.
669 3300 744 3364 huic
764 3301 842 3364 addi
861 3311 994 3386 possunt
1014 3302 1065 3386 36,
1082 3302 1112 3383 4,
1130 3302 1149 3365 9
1170 3301 1371 3387 ‘deportare’‚
1393 3302 1445 3382 37,
1465 3303 1495 3381 1,
1516 3301 1544 3382 1,

151 3405 348 3490 deprecari,
364 3405 394 3491 2,
408 3405 437 3483 3,
453 3405 492 3468 13
509 3390 708 3487 addiscere,
724 3404 754 3490 2,
766 3405 797 3489 6,
810 3405 853 3469 20
868 3405 1132 3489 ‘convulnerare',
1149 3406 1200 3487 36,
1214 3407 1243 3488 3,
1256 3406 1278 3468 4
1293 3406 1476 3472 1611661616.
1506 3429 1545 3469 66

149 3511 323 3594 praecipue
347 3507 449 3574 verba
473 3530 544 3572 oum
565 3500 682 3572 vocula
703 3509 768 3572 ‘res
790 3511 980 3594 composita,
1003 3510 1093 3574 velut
1113 3510 1288 3595 ‘recipere',
1311 3511 1480 3595 'redigere'
1503 3510 1546 3574 ab

150 3615 272 3679 Iustino
285 3615 539 3700 frequentantur,
557 3614 674 3699 quade
687 3636 722 3677 re
735 3636 818 3700 quae
827 3615 1011 3679 Beneckius
1023 3617 1056 3678 in
1068 3616 1207 3680 editione
1219 3637 1277 3679 sua
1287 3616 1433 3701 (Lipsiae
1444 3615 1546 3701 1830)

150 3718 192 3782 ad
210 3719 236 3797 1,
253 3719 302 3800 10,
318 3719 358 3782 14
374 3718 419 3804 (p.
429 3717 485 3803 26)
502 3717 689 3802 disputavit,
706 3719 902 3784 conferenda
914 3728 998 3784 sunt.
1021 3720 1093 3784 talis
1105 3730 1214 3784 autem
1224 3742 1301 3784 usus
1314 3721 1390 3804 quin
1402 3722 1547 3784 sermoni

150 3823 277 3907 vulgari
290 3825 330 3886 sit
341 3822 571 3907 adsignandus,
587 3821 665 3886 mihi
677 3822 813 3888 dubium
827 3846 889 3888 non
906 3833 963 3888 est.
988 3845 1070 3909 quae
1087 3846 1161 3887 oum
1174 3826 1219 3888 ita
1234 3825 1307 3908 sint,
1323 3846 1430 3888 nonne
1447 3824 1548 3888 facile

151 3927 334 4009 adduceris,
350 3936 386 3990 ut
397 3927 555 3990 Iustinum
571 3928 685 3992 credas
702 3929 754 3992 hio
771 3930 982 4014 compositum
998 3927 1149 4010 ‘deflere',
1166 3928 1252 4015 quod
1267 3927 1398 3993 alterius
1412 3931 1549 4010 generis

151 4029 301 4094 codicum
322 4041 471 4095 servatur
486 4030 561 4113 fide,
582 4053 640 4116 pro
661 4031 799 4117 simplici
817 4033 914 4098 ‘flere'
931 4035 1089 4118 posuisse,
1111 4042 1143 4096 et
1162 4032 1210 4118 id,
1231 4033 1318 4118 quod
1332 4033 1366 4097 in
1381 4031 1409 4096 0
1424 4032 1549 4117 legitur

151 4132 230 4199 nihil
245 4133 332 4200 aliud
344 4157 414 4198 esse
426 4156 523 4220 quam
536 4138 753 4202 coniecturam
767 4135 905 4202 hominis
917 4136 1084 4203 cuiusdam
1095 4139 1201 4202 minus
1217 4137 1314 4219 docti,
1332 4138 1383 4202 cui
1394 4137 1548 4202 insolitus

256 4380 275 4446 ¹)
289 4380 377 4430 Semel
391 4383 470 4432 ctiam
484 4382 576 4432 Cicero
591 4385 773 4434 accusativum
786 4386 875 4449 posuit
887 4385 953 4435 Sest.
964 4387 1005 4448 28,
1016 4387 1049 4435 60
1062 4387 1130 4452 ‘post
1145 4400 1235 4435 meum
1254 4385 1398 4435 discessum
1416 4386 1457 4434 eis
1469 4385 1546 4434 Piso-

151 4481 213 4517 nem
225 4468 312 4516 verbis
324 4468 391 4518 flens
407 4484 495 4519 meum
513 4474 540 4519 et
557 4471 597 4519 rei
612 4469 736 4535 publicae
754 4487 844 4521 casum
861 4472 985 4532 vexavit,
1004 4473 1100 4522 ceteris
1112 4471 1180 4522 locis
1197 4488 1258 4521 cum
1276 4473 1478 4537 praepositione
1495 4471 1545 4519 ‘de’

152 4557 325 4606 coniunctum
338 4555 466 4606 adhibuit.
