3225 5092
96 281 118 342 4

98 468 221 552 Nigidii
250 466 402 554 operibus
424 475 514 529 recte
538 473 771 550 exposuerunt,
800 485 874 527 cum
897 472 972 527 acta
994 483 1091 546 agere
1114 461 1227 544 nolim,
1256 482 1321 524 non
1343 468 1496 544 repetam,

99 575 291 656 praesertim
315 593 389 635 cum
412 592 531 656 nuper,
559 569 620 652 hoc
648 566 802 654 opusculo
830 570 894 632 iam
921 568 1097 631 maximam
1124 574 1250 651 partem
1277 564 1439 645 confecto,
1466 565 1497 626 in

17 684 20 695 '
97 675 204 740 lucem
231 675 387 761 prodierit
412 673 551 738 Arminii
577 671 741 756 Roehrigii
767 671 909 753 libellus,
944 673 995 734 cui
1022 671 1185 754 inscripsit
1216 669 1277 732 ‘De
1305 669 1342 732 P.
1367 667 1497 750 Nigidio

96 779 213 864 Figulo
229 781 337 865 capita
353 777 438 860 duo',
456 778 532 841 diss.
549 779 657 861 inaug.
676 776 864 863 Lipsiensis,
894 777 921 838 is
943 776 1028 838 enim
1048 778 1154 860 priore
1171 773 1266 837 huius
1282 773 1382 837 libelli
1396 781 1498 858 parte,

13 945 14 956 ,
99 905 196 968 quem
220 884 477 968 fragmentorum
499 882 649 946 editionis
676 881 805 945 futurae
828 881 1058 967 prolegomena
1085 902 1155 942 esse
1181 879 1295 961 voluit,
1324 879 1498 963 inquisivit,

99 988 258 1073 aquibus
286 985 495 1072 scriptoribus
523 995 556 1048 ct
583 1007 645 1070 quo
668 985 764 1048 modo
786 985 908 1069 Nigidii
933 985 1079 1048 doctrina
1101 983 1247 1048 adhibita
1269 993 1368 1046 esset:
1396 1004 1499 1067 neque

99 1101 209 1156 tamen
237 1113 434 1178 quamquam
468 1091 610 1174 singulos
638 1089 794 1175 deinceps
828 1091 1002 1174 scriptores
1029 1098 1251 1174 perscrutatus
1274 1097 1337 1172 est,
1365 1085 1499 1151 multum

99 1197 250 1281 profecit3
283 1198 435 1260 nimirum
466 1199 500 1259 in
526 1204 618 1258 tanta
645 1195 901 1278 fragmentorum
932 1196 1064 1259 raritate
1095 1215 1229 1278 operum
1256 1192 1499 1276 Nigidianorum

98 1303 289 1387 propagatio
313 1300 504 1386 plerumque
528 1300 645 1385 dispici
666 1301 787 1385 nequit.
833 1299 934 1363 altero
959 1301 1065 1384 eapite
1087 1298 1282 1382 Roehrigius
1305 1297 1357 1360 ‘de
1379 1295 1500 1380 Nigidii

100 1406 213 1470 studiis
234 1427 433 1492 operumque
450 1404 596 1469 doctrina
616 1413 649 1468 et
668 1402 802 1488 singulis
822 1402 929 1469 rebus'
952 1405 1030 1486 egit3
1052 1402 1109 1466 sed
1128 1401 1267 1487 plurima
1283 1401 1316 1464 in
1331 1400 1394 1464 hac
1408 1409 1499 1486 parte
1601 1412 1602 1415 ’

99 1509 170 1575 aliis
194 1510 302 1596 debet,
327 1511 368 1575 de
391 1531 449 1574 suo
469 1508 644 1574 admodum
664 1529 770 1595 pauca
791 1507 927 1572 addidit.
966 1517 1112 1571 ceterum
1132 1508 1217 1571 etin
1238 1503 1497 1591 ‘quaestionibus'

100 1624 132 1679 et
154 1615 188 1678 in
211 1615 467 1700 fragmentorum
490 1613 713 1676 ‘enarratione'
739 1635 788 1698 ea,
812 1633 896 1697 quae
915 1612 1108 1696 Roehrigius
1131 1610 1306 1697 proposuit,
1329 1608 1386 1673 ubi
1405 1631 1448 1672 ex
1467 1629 1502 1671 re

100 1741 170 1782 esse
194 1719 377 1798 videbatur,
400 1718 541 1803 respexi.

204 2032 256 2096 De
281 2031 545 2116 grammaticis
566 2027 689 2112 Nigidii
709 2028 824 2092 studiis
845 2027 1002 2113 quidquid
1026 2050 1068 2090 ex
1091 2029 1198 2113 parcis
1221 2028 1411 2111 fragmentis
1434 2028 1501 2090 erui

101 2145 218 2222 potest,
241 2137 395 2200 Hertnius
418 2133 439 2199 l.
462 2134 482 2198 l.
507 2156 537 2220 p.
563 2133 669 2197 9-23
693 2131 885 2219 exploravit.
932 2154 1012 2220 opus
1038 2131 1162 2216 Nigidii
1184 2134 1432 2217 grammaticum
1462 2168 1503 2178 —

102 2243 193 2306 cuius
211 2240 365 2325 reliquias
386 2247 516 2326 praeter
535 2237 742 2321 Rutgersium
762 2238 911 2322 Eggerus
933 2235 1061 2322 collegit
1082 2239 1115 2300 in
1138 2236 1250 2302 ‘Serm
1271 2237 1325 2302 lat.
1342 2246 1405 2301 vet.
1422 2235 1502 2299 rell'

102 2369 133 2431 p.
157 2343 295 2427 50-58,
319 2383 361 2390 —
388 2342 543 2407 librorum
571 2341 632 2407 fuit
660 2344 829 2406 minimum
855 2341 1089 2425 undetriginta,
1116 2342 1386 2406 undetricesimus
1418 2342 1503 2405 enim

104 2472 123 2512 a
152 2447 256 2514 Gellio
284 2449 328 2531 X,
356 2447 377 2512 5
405 2456 683 2512 commemoratur.
731 2468 811 2531 quos
842 2446 942 2510 libros
975 2447 1232 2510 ‘commentarios
1267 2445 1503 2529 grammaticos'

102 2555 275 2638 inscriptos
299 2553 397 2617 fuisse
419 2553 563 2616 locorum
586 2549 817 2636 Gellianorum,
842 2550 958 2636 quibus
980 2551 1198 2635 inscriptionis
1221 2552 1339 2615 mentio
1363 2550 1409 2632 fit,
1434 2572 1506 2614 con-

104 2679 199 2722 sensu
223 2657 461 2742 comprobatur,
486 2666 600 2720 contra
622 2677 718 2740 quem
741 2655 929 2737 nihilfecit,
953 2654 1040 2739 quod
1059 2653 1193 2735 Nonius,
1218 2656 1309 2718 emus
1331 2656 1364 2716 in
1386 2653 1505 2719 talibus
1601 2704 1602 2707 ,

104 2760 204 2826 rebus
228 2762 361 2826 minima
385 2771 433 2825 est
456 2763 642 2843 auctoritas,
665 2759 787 2845 aliquot
810 2761 889 2823 locis
911 2759 1008 2823 aliam
1030 2758 1166 2845 praebet
1188 2760 1437 2845 inscriptionem.

208 2867 281 2930 Hoc
297 2887 377 2951 opus
394 2865 546 2930 Hertzius
563 2875 651 2930 certo
667 2865 774 2950 aliquo
791 2864 914 2945 ordine,
935 2863 1022 2949 quod
1038 2864 1201 2949 ‘systema'
1219 2885 1336 2928 vocare
1353 2863 1502 2948 solemus,

107 2971 262 3052 caruisse,
290 2972 388 3034 immo
415 2969 514 3035 libros
543 2969 683 3053 singulos
711 2990 774 3032 non
803 2990 845 3031 ex
868 2967 1003 3052 singulis
1030 2970 1282 3050 commentariis,
1311 2968 1369 3031 sed
1391 2991 1503 3032 unum-

107 3096 270 3159 quemque
299 3099 317 3139 e
343 3074 520 3139 multifaria
546 3073 811 3139 observationum
839 3095 896 3136 seu
924 3074 1067 3157 capitum
1090 3072 1142 3137 vel
1170 3072 1505 3137 commentariolorum

108 3177 271 3261 farragine
293 3180 503 3264 compositum
524 3178 623 3242 fuisse
648 3176 823 3258 contendit,
847 3175 908 3240 hac
931 3179 1032 3259 inre,
1055 3187 1091 3240 ut
1113 3176 1191 3240 mihi
1214 3177 1345 3261 quidem
1367 3177 1507 3258 videtur,

106 3283 226 3350 iustum
255 3284 387 3348 modum
420 3305 581 3367 egressus,
616 3281 650 3346 id
678 3281 764 3367 quod
795 3282 860 3344 iam
887 3280 1099 3345 Mercklinius
1127 3283 1158 3343 in
1191 3280 1286 3344 ‘Berl
1310 3281 1424 3345 Jahrb.
1453 3280 1506 3345 fur

107 3386 353 3452 wissenschaftl.
382 3387 501 3451 Kritik'
531 3410 558 3450 a.
588 3385 949 3467 MDOOOXXXXVI,
977 3395 1052 3450 tom.
1073 3385 1099 3468 I,
1126 3408 1158 3471 p.
1176 3385 1240 3450 630
1266 3386 1506 3468 animadvertit,

108 3494 163 3577 qui
186 3493 364 3556 rectissime
387 3490 466 3555 mihi
489 3490 570 3554 haec
595 3491 714 3554 dixisse
739 3490 882 3554 videtur:
912 3489 1001 3552 ‘Eine
1023 3489 1198 3575 eipcotlt'che
1220 3513 1273 3554 ars
1296 3490 1422 3569 scbeiat,
1451 3491 1506 3552 wic

108 3597 186 3660 uach
209 3597 265 3660 der
292 3595 371 3659 Titel
393 3595 579 3680 oussprfcbt,
603 3595 655 3657 des
680 3594 828 3680 Nigidius
851 3593 944 3658 Werlr
966 3594 1048 3657 uicbt
1068 3616 1201 3678 pewcsea
1223 3617 1260 3656 zu
1282 3595 1360 3672 scia,
1389 3594 1506 3658 ehenso-

111 3703 207 3786 weaip
229 3723 300 3787 orep
323 3701 382 3763 clus
407 3700 534 3784 Priueu‘p
559 3701 614 3762 der
638 3699 799 3784 Aoelopt'e,
824 3721 864 3762 zu
885 3700 954 3762 dem
976 3723 1009 3762 er
1031 3701 1094 3764 siclt
1115 3699 1282 3778 beltaoate,
1305 3699 1427 3762 ttberall
1449 3701 1509 3762 das

110 3805 239 3868 lcitende
255 3826 385 3890 qewesea
400 3806 474 3882 sein,
492 3803 566 3866 aber
587 3805 663 3866 aucit
682 3827 715 3867 so
734 3805 904 3868 scbirnracrt
923 3805 1018 3867 durch
1038 3803 1095 3867 dea
1115 3804 1298 3868 zerrissenen
1314 3803 1387 3867 Bau
1407 3805 1508 3867 sciner

113 3907 322 3972 Commentare
345 3908 411 3971 eine
431 3907 582 3993 Orduunp
604 3908 668 3970 aad
691 3907 903 3995 Eatwc'cltlunp
924 3909 1100 3971 biadrrmla'

214 4013 278 4079 Sed
299 4012 478 4094 videamus,
502 4012 620 4096 quibus
640 4015 838 4096 argumentis
859 4034 921 4097 quo
940 4014 1009 4076 iure
1030 4011 1191 4095 Hertzius,
1216 4035 1290 4076 cum
1311 4015 1510 4078 contrarium

111 4111 336 4199 contenderet,
365 4119 453 4180 nisus
481 4119 529 4181 sit.
538 4116 560 4202 ¹)
606 4139 644 4180 ac
671 4118 812 4202 primum
838 4117 1077 4202 neglegendum
1103 4139 1165 4181 non
1195 4127 1256 4200 est,
1284 4119 1390 4203 ipsum
1412 4141 1443 4204 p.
1464 4118 1508 4182 21

216 4291 237 4358 ¹)
255 4291 417 4358 Roehrigius
435 4309 460 4357 p.
474 4294 508 4341 40
526 4292 630 4342 Hertnii
648 4293 809 4342 sententiam
828 4295 867 4342 ita
883 4292 1055 4357 comprobare
1072 4293 1182 4356 studuit,
1205 4300 1235 4343 ut
1251 4308 1293 4343 res
1310 4293 1418 4356 similes,
1441 4308 1510 4358 quas

111 4379 140 4426 in
160 4379 254 4428 eodem
273 4378 341 4428 libro
359 4385 487 4428 tractatas
506 4379 589 4428 fuisse
613 4383 762 4444 exspectes,
787 4379 940 4444 dissipatas,
963 4379 1105 4430 dissimiles
1127 4383 1155 4429 in
1175 4381 1268 4430 eodem
1286 4381 1354 4430 libro
1373 4380 1511 4430 interdum

113 4466 237 4515 confusas
254 4465 336 4516 fuisse
349 4465 477 4531 adparere
490 4481 505 4516 e
517 4467 674 4532 fragmentis
690 4467 761 4516 inter
774 4481 802 4515 se
816 4465 932 4515 collatis:
945 4465 1069 4516 Suetonii
1080 4467 1139 4516 rell.
1153 4483 1177 4531 p.
1192 4469 1250 4531 289,
1265 4470 1277 4516 1
1292 4467 1336 4532 (=
1350 4468 1370 4517 1.
1384 4467 1509 4533 syllogae

113 4551 199 4617 meae)
213 4557 240 4602 et
249 4551 318 4602 Non.
328 4569 353 4616 p.
363 4554 422 4616 437,
436 4554 468 4602 23
475 4552 558 4618 (111.);
571 4552 640 4604 Gell.
650 4553 723 4614 XIH,
734 4555 767 4604 26
778 4552 843 4618 (25),
859 4553 1180 4619 1-3txxxvqstee11.
1190 4555 1253 4605 ibid.
1264 4557 1280 4604 4
1290 4556 1424 4620 (XXXVI.
1437 4555 1510 4621 sqq.)

112 4655 250 4707 perperam
269 4640 450 4690 contenderet.
