3225 5092
1479 216 1540 281 179

143 410 286 476 maculas
298 432 408 475 sacros
418 409 566 495 concepit,
583 409 887 494 deprehenderemus
901 431 965 472 non
977 408 1060 492 lieet,
1075 407 1208 496 Thuc.¹)
1219 407 1237 473 Ι
1249 408 1301 492 77,
1317 408 1382 486 bhv
1396 432 1422 471 τι
1436 447 1480 458 -
1494 411 1541 471 καὶ

142 519 263 578 ὁπωσοῦν
283 518 475 577 ἐλασσωθῶσιν
496 514 701 601 quodcumque
721 514 936 578 detrimentum
956 514 1129 598 accipiunt,
1148 513 1284 597 ΙΠΙ23,
1302 516 1318 577 1
1337 514 1540 576 theutonem

143 623 291 704 παραβαθῇ
308 619 452 706 quicquid
468 619 656 704 neplept'ttup
677 618 799 683 0111ss
816 619 866 699 16,Ι
887 618 908 683 2
924 624 938 680 ὁ
954 615 978 680 τι
994 621 1018 680 δ’
1028 624 1060 680 ἂν
1076 621 1176 680 τούτοιν
1196 620 1400 701 παραβαίνωσιν
1417 622 1542 701 ἑκάτεροι

143 726 190 786 καὶ
205 728 302 807 ὁτιοῦν,
319 723 375 788 ubi
390 745 569 809 pronomen
585 727 599 784 ὁ
616 747 639 786 τι
654 723 705 788 bis
721 725 862 808 positum
877 732 936 808 est,
953 745 994 786 ne
1010 727 1095 784 ὁτιοῦν
1111 725 1218 807 ipsum
1231 731 1268 786 ut
1279 744 1357 786 vere
1369 722 1542 787 relativum

144 851 218 894 cum
230 828 332 894 verbo
344 829 435 893 finito
448 830 711 912 coniungerem,
728 827 823 910 V18,
843 828 881 890 11
896 828 919 888 εἰ
933 830 963 888 δέ
978 850 1002 889 τι
1018 830 1217 906 ἀμνημονοῦσιν
1233 831 1403 909 ὁποτεροιοῦν
1417 829 1464 890 καὶ
1479 832 1542 889 ὅτου

143 937 214 1016 πέρι,
234 933 291 998 ubi
310 933 355 996 οῦν
376 935 474 997 etiam
495 932 536 997 ad
557 953 697 1017 sequens
716 935 776 993 ὁτου
792 931 897 1014 valet3
913 931 1030 996 Latine
1054 933 1145 996 dicas
1165 933 1353 1017 utracumque
1369 942 1398 996 et
1412 932 1451 996 de
1465 954 1542 1017 quu-

144 1060 268 1123 cumque
283 1060 317 1101 re
332 1038 409 1123 quid
425 1039 574 1100 omittunt.
645 1074 647 1079 ·

249 1140 283 1206 Si
295 1142 338 1206 ad
350 1143 426 1207 talia
438 1142 540 1207 verba
551 1141 690 1207 relativa
700 1141 870 1205 indefinita
881 1143 928 1203 καί
940 1140 992 1205 vel
1005 1143 1066 1203 οῦὸέ
1078 1141 1214 1224 accedit,
1229 1163 1312 1226 quae
1320 1142 1542 1226 gradationem

144 1245 299 1328 indicant,
322 1249 367 1311 ita
391 1269 429 1311 ea
452 1247 660 1329 definiuntur,
684 1255 720 1309 ut
743 1255 907 1310 extremus
927 1247 973 1309 eis
996 1245 1117 1328 gradus
1140 1245 1338 1330 significetur
1361 1247 1543 1332 etquidem

145 1372 273 1436 semper
288 1351 356 1415 fere
372 1351 511 1433 infimus,
528 1353 701 1432 rarissime,
719 1372 816 1435 quem
831 1372 934 1436 aequo
949 1351 1019 1413 iure
1035 1359 1226 1435 exspectare
1248 1352 1359 1435 possis,
1382 1374 1542 1435 summus,

147 1455 233 1539 quod
248 1466 315 1520 tam
332 1477 429 1541 saepe
445 1454 575 1540 accidit,
591 1457 675 1519 utin
691 1454 895 1540 Thucydidis
911 1453 1001 1518 libris
1017 1454 1190 1518 duodecim
1206 1454 1378 1519 eiusmodi
1397 1455 1460 1520 loci
1480 1459 1543 1520 sint

146 1558 287 1644 (duobus
298 1570 425 1625 tantum
438 1563 485 1622 καί
495 1583 561 1624 που
573 1559 722 1625 exstatV
737 1558 787 1640 18,
806 1560 861 1641 11,
877 1558 929 1640 41,
946 1558 995 1643 2),
1016 1558 1096 1622 Her.
1109 1559 1144 1623 Π
1155 1558 1197 1623 22
1212 1560 1259 1620 καὶ
1274 1562 1376 1622 ὁσονῶν
1391 1561 1438 1624 uel
1453 1562 1543 1624 mini-

144 1686 235 1742 mum,
256 1663 359 1730 Thuc.
381 1664 552 1746 V1160,3
574 1666 619 1726 καὶ
642 1668 762 1726 ὁπωσοῦν
788 1664 835 1726 uel
857 1664 988 1743 minime,
1014 1663 1192 1747 eodemque
1214 1663 1309 1728 modo
1334 1667 1449 1728 ceteris
1474 1667 1543 1729 eius

145 1770 309 1854 scriptoris
317 1768 396 1833 locis
404 1768 453 1833 his
462 1769 572 1833 verbis
581 1771 748 1834 minimum
757 1777 789 1832 et
797 1767 1169 1853 tenuissimumquidque
1178 1767 1388 1852 significatur,
1398 1767 1544 1835 similiter

145 1870 243 1936 Isocr.
257 1871 326 1935 XII
341 1872 362 1936 2
378 1875 434 1934 οὐδ’
448 1877 569 1935 ὁπωσοῦν
581 1873 669 1937 nullo
681 1873 779 1959 plone
794 1872 900 1955 modo,
916 1873 973 1936 sed
984 1873 1066 1937 Plat.
1078 1871 1218 1936 Phaedr.
1232 1871 1321 1937 2580
1335 1874 1383 1934 καὶ
1398 1877 1544 1936 ὁπωστιοῦν

148 1977 257 2050 ὁῦσνους
272 1977 550 2060 interpretandum
567 1986 616 2040 est
631 1978 755 2040 etiamsi
770 1999 861 2062 quam
876 1978 1009 2040 ιιιαοσίιιισ
1023 1976 1199 2041 malevolus.
1417 1966 1421 1973 ’

249 2080 342 2145 Plato
364 2103 459 2166 porro
483 2082 647 2146 interdum
669 2083 703 2145 in
724 2083 897 2146 enuntiatis
918 2080 1062 2146 relativis
1081 2091 1154 2166 post
1174 2083 1311 2167 primam
1331 2103 1445 2147 vocem
1464 2083 1543 2148 rela-

145 2185 247 2248 tivam
262 2186 307 2246 οῦν
323 2187 443 2271 posuit,
467 2208 529 2250 non
552 2187 638 2271 quod
659 2188 688 2250 ei
708 2188 871 2250 notionem
891 2186 1109 2252 universalem
1133 2185 1276 2250 tribuere
1296 2186 1407 2272 vellet,
1428 2187 1485 2252 scd
1506 2209 1543 2252 eo

148 2289 290 2371 consilio,
312 2298 348 2353 ut
367 2313 482 2355 verum
502 2313 572 2354 esse
592 2291 635 2373 id,
657 2292 744 2375 quod
769 2313 806 2356 eo
828 2293 993 2356 enuntiato
1014 2293 1205 2374 continetur,
1227 2291 1424 2369 adfirmaret,
1445 2293 1544 2358 veluti

147 2391 276 2459 Charin.
298 2393 386 2460 155b
406 2399 421 2456 ὁ
441 2395 485 2457 οὖν
502 2397 548 2457 καὶ
570 2399 693 2479 ἐγένετο,
711 2394 851 2460 Phaedr.
868 2395 998 2459 242υεί
1015 2399 1039 2458 δ’
1050 2400 1135 2478 ἔστιν,
1155 2402 1246 2479 ὥσπερ
1262 2396 1308 2458 οὖν
1325 2399 1393 2479 ἔστι,
1410 2399 1472 2471 θεὸς
1486 2399 1505 2474 ἤ
1519 2421 1544 2459 τι

147 2501 218 2559 θεῖον
235 2501 369 2581 ὁἜρως,
386 2501 476 2564 cuius
492 2521 568 2564 usus
585 2489 758 2585 scriptores
775 2501 972 2584 antiquiores
987 2499 1112 2565 nullum
1128 2501 1314 2586 exemplum
1330 2500 1493 2565 exhibent.

823 2742 866 2807 ΙΙ.

252 2901 354 2964 Multo
370 2903 498 2986 saepius
515 2901 558 2962 οῦν
574 2922 651 2964 vere
669 2901 889 2965 coniunctio
904 2910 954 2964 est
968 2900 1136 2982 habenda,
1159 2904 1213 2988 qui
1233 2925 1311 2967 usus
1327 2925 1400 2966 cum
1416 2923 1476 2989 per
1490 2901 1544 2966 illa

148 3014 302 3090 tempora,
320 3005 492 3089 dequibus
508 3026 565 3069 nos
578 3005 791 3090 disputamus,
807 3005 896 3068 idem
911 3005 979 3070 fere
995 3007 1158 3083 manserit,
1175 3009 1326 3091 graviora
1336 3016 1462 3073 tantum
1473 3030 1543 3094 pro·

147 3110 289 3174 feremus
305 3111 360 3195 ita,
377 3119 412 3174 ut
427 3113 462 3177 in
477 3111 589 3196 primis
605 3108 785 3186 Andocidis
800 3111 959 3173 rationem
974 3109 1162 3176 habeamus.

835 3267 864 3330 l.

251 3390 502 3473 Nonnumquam
518 3389 610 3451 iuxta
626 3385 671 3450 οὖν
687 3387 825 3453 verbum
840 3389 998 3473 propius
1014 3388 1214 3472 longiusve
1230 3399 1414 3455 remotum
1429 3393 1545 3456 iterum

148 3496 287 3579 ponitur,
304 3493 347 3556 ad
363 3494 448 3579 quod
466 3503 574 3557 cetera
589 3491 814 3576 adnectantur,
833 3493 873 3557 of.
886 3492 1004 3557 Auel
1022 3493 1093 3576 109,
1109 3493 1162 3557 III
1177 3493 1228 3575 26,
1246 3494 1297 3571 38,
1313 3495 1371 3558 sed
1382 3495 1544 3559 interdum

49 3659 52 3664 .
147 3620 211 3663 non
227 3600 260 3662 in
276 3600 346 3683 ipso
361 3599 450 3661 initio
468 3599 654 3663 collocatur:
676 3597 693 3660 I
709 3596 751 3661 85
767 3599 986 3675 ἐδοκιμάσθησαν
1009 3602 1060 3674 μὲν
1076 3596 1120 3659 οὖν
1136 3599 1160 3658 οἱ
1174 3603 1253 3676 νόμοι
1268 3598 1290 3660 ὧ
1307 3603 1332 3662 ά.
1363 3602 1435 3661 κατὰ
1449 3604 1479 3661 ab
1494 3605 1544 3678 ψή-

148 3725 231 3784 φισμα
246 3707 315 3764 τουτί
332 3702 494 3788 (proxime
510 3701 675 3767 antecedit
691 3701 901 3787 plebiscitum
912 3701 953 3766 ab
971 3710 1098 3766 oratore
1115 3701 1307 3767 adverbum
1319 3702 1543 3789 adscriptum),

150 3806 191 3870 86
208 3806 264 3893 (ad
281 3805 360 3891 legis
376 3829 588 3893 praegressae
601 3807 703 3871 verba
720 3804 930 3893 relegamur),
949 3806 1009 3870 131
1024 3808 1149 3891 (κλῃδών
1162 3829 1242 3871 voce
1254 3813 1328 3888 φήμη
1345 3808 1544 3893 renovatur),

149 3909 239 3998 [llll]
260 3911 301 3974 39
323 3915 378 3974 ἔστι
404 3915 454 3989 μὲν
480 3911 525 3974 οὖν
541 3913 717 3989 Ἀλκιβιάδου
738 3910 795 3997 (ad
815 3908 1022 3975 Alcibiadem
1042 3912 1217 3975 revertitur
1239 3911 1368 3998 orator).
1399 3912 1464 3976 huc
1484 3914 1546 3976 sin-

149 4015 269 4098 gularis
293 4036 420 4101 quoque
443 4014 496 4079 ille
516 4015 606 4079 locus
629 4016 790 4100 pertinere
813 4014 892 4078 mihi
916 4015 1046 4080 videtur
1065 4017 1098 4079 in
1118 4015 1226 4081 libello
1247 4015 1288 4078 de
1308 4014 1386 4080 Ath.
1402 4038 1470 4102 rep.
1487 4016 1503 4079 I
1526 4016 1544 4078 7

150 4121 219 4182 εἴποι
234 4143 274 4193 τις
291 4123 334 4201 άν,
350 4122 375 4181 τί
391 4125 423 4180 dv
439 4120 484 4180 οὖν
500 4122 577 4200 γνοίη
594 4121 696 4200 ἀγαθὸν
713 4121 785 4201 αὑτῷ
801 4126 819 4198 ἢ
834 4120 873 4200 τῷ
889 4123 970 4202 δήμῳ
985 4127 1104 4193 τοιοῦτος
1120 4123 1270 4203 ἅνθρωπος,
1286 4118 1343 4183 ubi
1358 4120 1461 4185 verba
1477 4121 1546 4181 εἴποι

149 4247 188 4297 τις
208 4227 241 4285 άν
262 4225 331 4287 sine
352 4224 576 4288 coniunctione
596 4223 752 4288 adiuncta
776 4246 834 4310 pro
855 4225 1042 4310 parenthesi
1061 4223 1214 4289 habenda
1233 4233 1308 4287 sunt
1327 4247 1432 4312 neque
1451 4224 1546 4289 ullius

255 4435 275 4503 ²)
299 4436 352 4498 Qui
373 4441 467 4500 quater
489 4436 577 4486 decies
599 4436 699 4486 talibus
715 4437 920 4500 pronominibus
941 4436 1129 4501 adverbiisque
1145 4434 1292 4485 indefinitis
1304 4435 1397 4500 eisque
1413 4434 1500 4484 sexies
1517 4434 1546 4482 in

150 4525 295 4574 enuntiatis
308 4523 537 4574 condicionalibus
552 4538 616 4572 usus
630 4527 682 4572 est:
695 4523 708 4572 1
722 4523 762 4586 77,
776 4523 918 4587 3,11111o‚
931 4525 962 4587 2,
975 4525 1017 4588 23,
1031 4525 1058 4587 1,
1072 4523 1114 4585 37,
1128 4524 1152 4586 1,
1164 4523 1188 4572 V
1202 4523 1243 4586 18,
1258 4523 1302 4586 11,
1315 4523 1358 4585 41,
1371 4523 1396 4585 2,
1414 4521 1453 4572 VI
1464 4521 1506 4584 56,
1521 4522 1546 4584 3,

149 4611 201 4661 VII
213 4613 255 4675 48,
268 4614 297 4674 5,
312 4611 353 4673 49,
366 4611 395 4674 2,
408 4612 450 4673 60,
463 4613 487 4673 3,
500 4611 564 4660 VIII
578 4611 619 4672 27,
633 4613 661 4673 3,
675 4610 716 4673 71,
729 4612 758 4673 2,
770 4611 813 4674 90,
825 4613 854 4675 2,
867 4613 910 4675 91,
922 4613 948 4660 3.

1342 4714 1389 4766 12*
