3225 5092
1472 234 1516 298 23

109 420 216 506 siglis)
232 421 404 507 praebent:
422 425 500 485 ‘tum
515 430 591 484 ante
604 423 614 484 i
627 419 835 486 scribendum
848 423 908 485 erit
920 421 958 502 e’,
976 431 1109 506 recepta
1121 422 1248 507 reliqua
1260 424 1302 487 ad
1314 423 1395 488 haec
1416 424 1517 488 verbe

108 528 130 588 i.
145 547 173 588 e.
187 524 230 589 ad
244 524 365 589 Lucilii
377 528 568 590 sententiam
581 524 855 589 accommodanda
871 536 1074 589 censuerunt.
1100 526 1133 589 id
1145 548 1223 590 vero
1240 533 1409 613 quominus
1420 529 1516 594 facia-

108 652 193 711 mus,
212 630 328 710 obstat,
354 630 440 714 quod
456 651 519 693 non
532 628 634 694 solum
646 630 680 692 in
692 628 723 708 Q
735 628 816 693 illud
829 629 866 693 ‘e'
880 638 953 715 post
965 629 1044 693 ‘erit’
1057 629 1159 710 deest,
1172 631 1229 695 sed
1242 633 1339 696 etiam
1353 634 1515 716 codicum,

108 735 142 796 in
156 732 274 820 quibus
286 733 389 817 adest,
406 732 551 798 nonnulli
564 733 599 819 (Z
609 738 634 796 X
644 734 684 818 ll)
696 733 745 798 bis
758 733 831 796 ‘hii’
845 732 1011 816 exhibent,
1030 734 1178 819 ‘magnei'
1192 745 1225 799 et
1237 736 1372 801 ‘amicei'
1390 747 1515 804 tantum

111 838 145 900 in
162 841 185 898 X
200 841 274 918 011,
291 839 324 900 in
339 837 471 923 reliquis
483 848 612 924 praeter
625 839 665 919 Q,
686 840 741 924 qui
758 839 887 922 ‘magni'
900 839 1046 924 praebet,
1068 841 1207 924 ‘magnii'
1225 842 1271 925 (in
1290 842 1318 905 T
1331 843 1450 926 ‘magni
1461 893 1467 906 .
1479 844 1514 930 i’)

108 951 141 1004 et
164 941 292 1006 ‘amicii’
310 940 357 1027 (in
373 943 401 1006 T
418 942 585 1028 ‘amici.i')
601 952 771 1008 exaratum
796 951 853 1008 est.
890 943 1010 1028 quade
1031 966 1130 1008 causa
1149 945 1214 1009 iam
1232 946 1385 1010 Hertzius
1405 950 1438 1011 in
1460 948 1510 1012 ed.

111 1047 188 1110 mai.
202 1047 331 1132 scripsit
347 1044 401 1109 ‘hii
414 1047 555 1130 magnii’,
569 1044 623 1110 ‘hii
635 1047 762 1129 amicii',
775 1057 872 1131 atque
880 1047 943 1112 Ad.
953 1047 1136 1111 Eussnerus
1147 1049 1181 1112 in
1192 1049 1318 1114 Hertzii
1330 1051 1512 1137 adpendiee

110 1148 197 1214 adh.
212 1151 231 1214 l.
247 1151 398 1216 coniecit:
422 1154 500 1216 ‘turn
522 1152 649 1215 iantei
672 1150 880 1215 scribendum
897 1152 977 1235 erit',
998 1151 1084 1236 quod
1104 1151 1215 1237 probo.
1247 1154 1394 1219 videmus
1418 1157 1515 1240 igitur

108 1254 277 1338 Nigidium
298 1255 362 1320 alia
385 1258 438 1320 via
465 1265 561 1342 atque
581 1255 744 1319 Lucilium
771 1255 859 1319 idem
886 1257 1003 1339 egisse:
1032 1263 1081 1340 ut,
1111 1256 1382 1340 quemadmodum
1411 1261 1508 1344 signi-

111 1358 271 1423 ficationis
285 1361 370 1424 inter
386 1383 485 1425 voces
501 1382 700 1446 synonymas
721 1359 919 1424 differentias
939 1361 1101 1445 expiscari
1118 1362 1249 1443 studuit,
1270 1361 1311 1425 de
1327 1384 1390 1446 quo
1406 1364 1511 1428 studio

112 1463 153 1526 ef.
168 1463 279 1527 Hertz.
292 1463 312 1528 l.
326 1487 353 1529 c.
367 1488 398 1550 p.
414 1464 464 1549 15,
479 1467 525 1529 ita
539 1465 660 1529 formas
673 1487 805 1530 casuum
822 1463 942 1528 similes
958 1463 1130 1528 scribendo
1143 1465 1351 1531 discerneret.
1374 1477 1409 1530 ut
1425 1471 1511 1533 enim

109 1565 164 1630 ille
176 1566 259 1631 Attii
275 1568 304 1630 ei
321 1590 379 1656 pro
394 1584 407 1631 ἰ
423 1567 586 1632 scribendi
600 1569 758 1633 rationem
774 1568 816 1632 ad
832 1568 998 1632 nominum
1013 1591 1108 1632 casus
1124 1568 1354 1634 discernendos
1370 1573 1404 1636 in
1417 1594 1511 1636 usum

109 1693 204 1738 suum
217 1674 432 1754 converterat,
448 1675 493 1738 ita
504 1672 656 1756 Nigidius
673 1671 787 1737 eodem
800 1672 933 1736 consilio
946 1681 1123 1736 commotus
1135 1674 1351 1756 geminatione
1362 1698 1439 1740 usus
1451 1685 1509 1761 est,

111 1778 145 1838 in
162 1798 228 1863 qua
243 1775 430 1842 adhibenda
451 1799 488 1841 eo
504 1776 546 1841 ab
563 1775 652 1841 Attio
668 1777 785 1857 differt,
807 1776 892 1861 quod
913 1778 1011 1841 etiam
1030 1778 1041 1840 i
1056 1775 1196 1842 litteram
1212 1779 1393 1862 geminare,
1413 1802 1510 1864 quam

110 1903 186 1945 cum
201 1880 256 1946 illo
272 1881 482 1966 grammatico
500 1881 548 1945 ‘ei’
566 1881 707 1946 scribere
723 1879 845 1946 maluit.

213 1985 278 2052 Sed
294 1987 329 2049 in
345 1984 468 2067 aliare,
486 2007 583 2071 quam
596 1983 720 2050 Gellius
737 1986 769 2047 in
786 1984 901 2048 codem
914 2007 985 2069 cap.
998 1984 1126 2048 XXVI.
1140 1984 1213 2048 libri
1225 1985 1320 2050 XIII.
1334 1986 1395 2051 sub
1411 1988 1509 2053 finem

110 2095 139 2170 ξ.
154 2088 176 2152 4
191 2089 303 2172 refert,
318 2112 338 2154 a
354 2091 512 2154 sententia
528 2111 595 2171 sua,
613 2090 702 2174 quai
719 2088 911 2174 productam
926 2110 986 2174 per
1001 2089 1050 2152 ‘ei'
1067 2088 1209 2154 scribere
1225 2090 1335 2172 noluit,
1352 2091 1510 2157 defecisse

107 2194 212 2259 videri
228 2203 350 2280 potest3
371 2193 475 2259 videri
490 2195 632 2279 inquam,
652 2216 728 2258 nam
742 2216 777 2257 re
793 2216 873 2258 vera
888 2215 962 2258 eum
978 2193 1039 2258 sibi
1056 2195 1236 2258 constitisse
1251 2204 1338 2280 puto.
1373 2195 1508 2281 legimus

108 2299 209 2362 enim:
230 2300 293 2364 ‘mi’
311 2301 365 2384 qui
381 2299 494 2364 scribit
508 2302 539 2363 in
557 2320 635 2363 casu
656 2297 888 2382 interrogandi,
909 2298 998 2361 velut
1013 2320 1088 2361 cum
1103 2298 1240 2364 dicimus
1257 2301 1310 2364 ‘mi
1327 2299 1507 2384 studiosus',

106 2425 168 2487 per
182 2405 193 2466 i
209 2426 311 2467 unum
327 2403 462 2480 scribat,
483 2426 546 2467 non
567 2425 626 2489 per
641 2426 673 2485 e3
694 2413 823 2467 etcum
838 2404 911 2482 mei,
932 2410 1000 2465 tum
1020 2425 1080 2487 per
1099 2425 1117 2465 e
1137 2404 1197 2466 eti
1220 2402 1428 2468 scribendum
1448 2415 1508 2488 est,

106 2511 183 2593 quia
204 2507 303 2572 dandi
324 2530 418 2573 casus
438 2509 506 2572 est’.
541 2510 575 2572 in
595 2508 745 2592 genetivo
762 2506 824 2572 ‘mi'
846 2506 1019 2571 scribendo
1034 2506 1270 2573 Buechelerum
1291 2517 1420 2572 secutus
1436 2532 1507 2574 sum

104 2612 163 2697 (cf.
182 2611 247 2678 ‘lat
264 2613 403 2677 Declin'
421 2635 452 2697 p.
474 2611 563 2698 112),
596 2632 792 2696 quamquam
820 2611 902 2674 haec
930 2613 1072 2695 genetivi
1100 2610 1203 2676 forma
1231 2615 1417 2698 ceteroquin
1443 2637 1507 2679 non

105 2717 237 2781 obviam
258 2716 303 2781 fit.
336 2717 465 2781 codices
480 2714 510 2779 h.
524 2716 544 2780 l.
559 2724 590 2780 et
609 2717 643 2780 in
658 2717 807 2799 genetivo
828 2723 860 2779 et
879 2716 913 2777 in
929 2714 1037 2778 dativo
1054 2715 1136 2778 ‘mei'
1153 2714 1319 2796 exhibent,
1339 2718 1400 2780 nisi
1421 2719 1507 2802 quod

104 2822 137 2884 in
161 2820 272 2902 QZT
289 2820 417 2885 dativus
438 2820 531 2884 ‘miei'
550 2820 608 2907 (mi
629 2821 658 2883 ei
679 2819 721 2904 Τ)
741 2819 869 2902 legitur,
891 2841 988 2904 quem
1008 2819 1193 2903 Longolius,
1214 2818 1444 2886 Lachmannus
1463 2821 1505 2884 ad

102 2926 239 2990 Lucrct.
252 2925 329 3007 ΠΙΙ,
343 2924 416 3007 602,
429 2947 460 3010 p.
474 2924 548 3007 246,
563 2925 713 3008 Eggerus
724 2923 744 2988 l.
759 2947 786 2987 c.
800 2945 831 3009 p.
845 2923 887 2987 52
902 2945 966 2988 ιιοιι
983 2923 1147 2988 debebant
1162 2923 1310 3008 probare.
1334 2923 1505 2989 dissimiles

101 3031 192 3094 enim
206 3030 326 3094 formas
341 3052 405 3094 non
417 3052 496 3116 opus
509 3038 578 3093 erat
590 3029 775 3093 discernere
787 3050 894 3115 neque
906 3029 1034 3092 omnino
1050 3026 1164 3110 forma,
1180 3030 1213 3090 in
1226 3049 1290 3112 qua
1304 3028 1325 3091 h
1343 3030 1504 3114 omissum,

101 3137 130 3197 ei
143 3149 228 3220 proi
241 3135 466 3218 scriptumest,
479 3133 610 3217 Nigidio
622 3132 796 3199 tribuenda
809 3141 867 3196 cst.
890 3142 1002 3196 contra
1012 3133 1075 3196 loci
1088 3134 1247 3196 sententia
1258 3154 1362 3217 paene
1375 3132 1503 3214 clamat,

101 3248 139 3302 ut
161 3261 238 3303 cum
253 3236 454 3303 Buechelero
474 3239 662 3322 genetivum
682 3237 745 3302 ‘mi'
767 3236 957 3319 scribamus,
982 3237 1069 3301 unde
1090 3236 1173 3301 male
1192 3236 1362 3301 intellectis
1381 3237 1505 3322 Nigidii

100 3341 212 3407 verbis
228 3343 366 3428 ideoque
382 3343 501 3407 additis
513 3342 627 3406 litteris
641 3341 700 3424 ‘ei',
716 3350 863 3426 utsupra
877 3342 910 3404 in
922 3340 1089 3406 codicibus
1101 3341 1296 3426 quibusdam
1309 3341 1350 3406 ad
1364 3342 1503 3426 ‘magni',

101 3447 219 3512 ‘amici’
236 3457 324 3511 recte
342 3449 370 3511 ‘i'
387 3448 535 3512 additum
550 3455 608 3528 est,
625 3447 753 3511 dativus
766 3446 860 3510 ‘miei'
874 3447 949 3510 oriri
965 3447 1076 3531 potuit.
1108 3447 1224 3510 sivero
1237 3467 1279 3509 ex
1291 3468 1342 3509 me
1355 3468 1502 3531 quaeras,

100 3574 163 3615 cur
178 3549 259 3614 adeo
275 3573 344 3616 rem
360 3551 510 3636 Nigidius
527 3550 569 3616 ad
585 3551 754 3616 arbitrium
770 3573 864 3615 suum
883 3551 1060 3635 inverterit,
1082 3572 1140 3614 cur
1159 3573 1223 3616 non
1239 3551 1346 3636 potius
1361 3550 1394 3613 in
1409 3572 1503 3634 gene-

100 3656 171 3718 tivo
183 3656 280 3738 ‘mei’,
293 3657 326 3718 in
339 3657 448 3721 dativo
462 3657 525 3720 ‘mi'
543 3655 641 3720 scribi
657 3654 805 3737 voluerit,
821 3654 957 3718 fortasse
973 3658 1069 3720 etiam
1080 3654 1174 3720 huius
1189 3657 1235 3718 rei
1248 3677 1348 3718 causa
1361 3654 1502 3740 intellegi

100 3769 218 3844 potest,
241 3760 337 3825 modo
355 3761 538 3826 consideres
555 3783 637 3843 eum,
657 3768 692 3824 ut
707 3761 895 3844 genetivum
911 3761 1028 3825 ‘terrai’
1045 3761 1077 3823 iu
1093 3762 1114 3842 i,
1131 3760 1277 3824 dativum
1293 3760 1417 3822 ‘terrae'
1433 3761 1501 3823 ine

99 3864 289 3928 terminavit
311 3865 388 3949 (vid.
403 3888 500 3950 supra
516 3888 546 3950 p.
559 3863 626 3951 22),
648 3866 692 3928 ita
708 3866 804 3929 etiam
822 3864 885 3930 ‘mi’
897 3859 971 3928 'sine
986 3886 1004 3927 e
1019 3867 1170 3948 genetivo
1191 3885 1288 3950 quam
1305 3863 1423 3945 dativo,
1445 3865 1500 3949 qui

95 3976 127 4030 et
151 3967 223 4053 ipse
240 3969 304 4032 ‘mi’
322 3968 467 4050 sonabat,
490 3971 596 4054 aptius
619 3969 814 4053 existimare,
838 3969 984 4032 dativum
1008 3968 1091 4033 ‘mei'
1116 3978 1225 4033 autem
1248 3966 1290 4032 ad
1314 3967 1498 4052 analogiam

97 4072 284 4138 dativorum
308 4073 385 4157 ‘rei',
402 4073 490 4158 ‘spei'
507 4073 672 4159 explicare
687 4071 870 4159 potuisse.¹)

202 4177 444 4242 Memorabilius
457 4185 564 4242 autem
577 4177 665 4242 aliud
677 4178 845 4242 inventum
853 4186 947 4260 esset,
961 4179 1083 4242 sirecte
1092 4176 1222 4262 Nigidio
1231 4186 1316 4242 esset
1325 4177 1498 4242 tributum:

96 4281 201 4368 apicis
216 4303 312 4346 usum
327 4281 410 4364 dice,
432 4303 529 4368 quem
549 4282 591 4346 ad
606 4281 697 4347 illum
712 4281 918 4346 referendum
934 4303 1004 4346 esse
1020 4281 1185 4347 Usenerus
1201 4282 1284 4346 Mus.
1301 4282 1405 4346 Rhen.
1422 4291 1497 4347 tom.

204 4526 224 4591 ¹)
243 4525 370 4577 Ceterum
393 4526 425 4577 ds
448 4527 540 4578 formis
561 4529 681 4594 genetivi
698 4527 761 4591 ιἰιιί’,
778 4527 863 4578 dativi
880 4528 949 4578 ‘mei’
966 4527 1131 4594 explicandis
1147 4529 1180 4579 cf.
1196 4527 1396 4579 adnotationem
1413 4527 1448 4577 ad
1464 4527 1495 4578 fr.

97 4613 241 4664 XXXVIII
254 4612 335 4679 (Geli.
345 4614 419 4678 XIII,
429 4615 470 4678 26,
480 4615 516 4680 4).
