3225 5092
46 472 49 494 2
91 434 190 518 plebei
212 437 313 518 ipsius
329 437 554 518 cognitionem.
586 434 662 498 huic
678 442 787 497 autem
803 435 943 496 sermoni
959 455 1037 497 num
1052 434 1160 518 aliqua
1175 432 1377 516 adsignanda
1392 443 1475 496 esset
1562 509 1570 515 ἑ

60 601 65 610 ,
92 547 255 619 structura,
271 546 307 600 ut
321 528 408 600 recte
421 538 607 622 iudicarem,
624 539 768 623 inprimis
781 539 967 622 comparavi
980 538 1151 622 scriptores
1163 545 1300 618 veteres,
1316 558 1396 621 quos
1407 537 1474 601 vul-

42 659 46 696 ῖ
91 663 194 726 garem
204 651 329 705 constat
341 664 419 727 prac
432 664 465 705 se
477 641 562 704 ferre
576 642 724 723 colorem,
738 641 1029 723 velutVitruvium,
1043 644 1231 724 scriptorem
1243 639 1319 703 belli
1327 640 1475 704 Africani

91 755 116 808 et
129 745 355 830 Hispaniensis
372 743 535 810 Ciceronis
553 744 706 830 epistulas
722 747 909 809 Petronium
925 744 1065 808 Gellium
1085 744 1171 808 alios.
1208 743 1302 808 simul
1317 765 1474 828 gramma·

91 850 219 913 tinorum
232 850 448 913 recentiorum
461 849 501 912 de
514 871 552 913 ea
564 872 598 913 re
611 848 708 914 libros
721 851 858 933 inspexi,
875 847 976 911 veluti
989 848 1094 911 Dieaii
1108 847 1275 912 Guerickii
1285 848 1474 913 Hellmuthii

26 959 27 962 ’
44 1007 45 1012 ,
91 953 236 1017 Koehleri
249 952 829 1038 111111111ςῇ11011111111111111111111111)
842 952 986 1016 aliorum.
1004 952 1143 1037 denique
1155 974 1394 1038 nonnumquam
1406 976 1474 1017 rem

91 1059 229 1122 criticam
241 1058 408 1142 adtingere
422 1068 551 1122 coactus
565 1081 644 1122 sum.
661 1058 857 1143 procedente
870 1059 956 1121 enim
969 1057 1121 1142 opusculo
1134 1056 1284 1142 adparuit
1291 1056 1473 1142 Ruehlium,

92 1163 232 1247 quamvis
245 1162 327 1227 bene
340 1164 373 1227 in
385 1165 572 1226 universum
585 1184 640 1225 suo
652 1184 785 1226 munere
798 1161 927 1225 functus
939 1171 1032 1242 esset,
1041 1160 1155 1224 Iustini
1167 1160 1295 1225 dicendi
1308 1169 1473 1227 consuetu-

91 1268 166 1331 dinis
178 1277 361 1332 nontamen
374 1290 444 1332 eam
456 1289 552 1352 quam
565 1290 624 1351 par
636 1276 705 1331 erat
716 1266 870 1331 habuisse
882 1268 1048 1331 rationem.
1065 1267 1162 1329 immo
1175 1287 1273 1350 saepe
1284 1287 1418 1331 numero
1430 1289 1473 1330 ex

47 1440 49 1442 ,
91 1373 217 1436 aliorum
235 1374 428 1456 scriptorum
444 1372 676 1436 consuetudine
692 1371 732 1435 de
744 1372 859 1435 Iustini
874 1371 1030 1434 iudicavit
1049 1371 1236 1435 elocutione.
1264 1392 1339 1434 nam
1357 1393 1430 1435 cum
1445 1373 1473 1436 is

92 1475 198 1539 lustini
222 1487 305 1540 esset
327 1499 396 1540 mos
419 1479 595 1540 innumeris
623 1499 725 1560 paene
748 1476 828 1540 locis
851 1477 1057 1560 conspicuus,
1085 1485 1208 1539 utnon
1230 1499 1328 1539 unam
1350 1477 1473 1562 ubique

47 1659 48 1662 Ἴ
91 1589 227 1643 tueretur
246 1591 448 1662 structuram,
474 1581 531 1644 sed
552 1582 670 1644 eximio
694 1580 835 1665 quodam
860 1582 1011 1644 orationis
1034 1581 1209 1644 variandae
1230 1579 1336 1644 studio
1357 1581 1473 1645 ductus

91 1685 160 1746 alias
187 1682 285 1748 aliam
311 1695 480 1769 usurparet
508 1686 794 1765 constructionem,
823 1684 979 1748 Ruehlius
1005 1687 1108 1767 magis
1135 1707 1233 1768 quam
1260 1684 1474 1750 conveniebat

92 1790 191 1852 enisus
207 1798 265 1870 est,
281 1799 317 1851 ut
332 1791 507 1854 orationem
522 1788 675 1854 redderet
690 1788 901 1873 aequabilem.
933 1790 1041 1873 itaque
1057 1788 1160 1852 sicubi
1176 1788 1295 1852 locutio
1312 1789 1473 1872 quaedam

92 1892 201 1957 tradita
223 1905 272 1957 est
292 1893 476 1978 singularis,
502 1895 599 1958 etiam
619 1893 823 1978 gravioribus
844 1916 908 1958 non
931 1892 1161 1958 accedentibus
1184 1895 1381 1976 argumentis
1404 1894 1472 1956 sine

92 1997 293 2063 haesitatione
314 2022 333 2062 a
354 1998 502 2063 codicum
517 2001 671 2063 memoria
686 1997 906 2062 recedendum
923 2020 993 2061 esse
1009 1997 1182 2061 arbitratus
1199 2006 1256 2060 est.
1288 1999 1382 2060 nimis
1398 2019 1471 2081 quo-

92 2125 146 2186 que
166 2112 356 2188 aspernatus
378 2112 426 2165 est
445 2104 582 2166 rariores
599 2104 862 2184 constructiones,
885 2125 943 2187 pro
963 2102 1089 2186 quibus,
1112 2123 1305 2187 quamquam
1325 2121 1383 2164 eae
1400 2123 1471 2164 con-

92 2207 252 2271 firmantur
267 2206 428 2292 plerisque
445 2215 541 2290 atque
559 2208 687 2292 optimis
704 2205 871 2270 codicibus
888 2206 982 2270 facile
998 2205 1159 2270 adductus
1175 2214 1232 2287 est,
1253 2215 1289 2268 ut
1304 2227 1368 2289 eas,
1390 2226 1472 2288 quae

91 2313 184 2394 magis
197 2313 292 2374 tritae
305 2320 388 2391 sunt,
402 2311 570 2396 reciperet.
588 2331 648 2394 ego
660 2332 737 2375 vero
750 2309 1039 2391 observationibus,
1054 2332 1134 2395 quas
1147 2310 1186 2372 de
1197 2309 1311 2372 Iustini
1324 2329 1472 2372 sermone

92 2414 156 2496 leci,
172 2415 213 2479 ad
231 2417 424 2500 scripturam
440 2414 697 2479 constituendam
712 2437 799 2495 usus,
816 2413 965 2479 omnibus
979 2416 1177 2497 argumentis
1189 2422 1340 2477 accurate
1352 2414 1471 2476 exami-

91 2520 166 2582 natis
181 2519 331 2584 codicum
350 2521 549 2601 memoriam,
571 2528 725 2604 quantum
740 2518 810 2581 fieri
826 2520 940 2604 potuit,
962 2539 1092 2581 servare
1108 2527 1141 2580 et
1157 2520 1347 2582 coniecturis
1364 2539 1471 2603 super-

91 2625 234 2689 vacaneis
249 2623 388 2688 liberare
406 2622 523 2686 studui.
555 2644 618 2707 qua
638 2644 673 2685 re
688 2622 774 2685 locos
795 2631 883 2686 certe
898 2620 1068 2685 nonnullos
1088 2643 1140 2685 me
1161 2630 1248 2684 recte
1269 2622 1471 2685 constituisse

91 2728 218 2792 confido.
249 2729 331 2792 haec
345 2728 413 2791 fere
429 2737 530 2810 erant,
553 2749 635 2812 quae
653 2726 693 2790 de
714 2725 860 2811 opusculi
875 2727 938 2790 mei
956 2725 1086 2789 consilio
1108 2733 1140 2788 et
1154 2725 1276 2788 ratione
1292 2724 1473 2810 praefanda

90 2832 162 2895 mihi
177 2855 246 2896 esse
260 2830 466 2896 videbantur.

187 3041 206 3106 ¹)
223 3042 298 3103 Diea,
317 3040 487 3091 Grammatik
500 3040 546 3090 der
558 3040 743 3090 romanischen
758 3040 902 3106 Spraehen,
921 3039 961 3090 ed.
972 3040 1004 3102 V,
1019 3041 1095 3102 1882,
1107 3039 1138 3088 Α.
1153 3038 1296 3101 Guericke,
1308 3038 1350 3087 Da
1361 3037 1472 3103 linguae

91 3127 201 3192 vulgaris
217 3128 339 3192 reliqniis
356 3129 426 3192 apud
443 3129 599 3178 Petronium
614 3133 640 3177 at
657 3130 685 3176 in
702 3127 921 3192 inscriptionibus
938 3129 1088 3193 parietariis
1101 3128 1279 3192 Pompeianis,
1297 3126 1367 3174 Dies.
1380 3127 1470 3190 inaug.

91 3213 249 3264 Gnmbinnae
261 3217 336 3276 1875,
350 3215 384 3264 H.
395 3213 546 3276 Hellmuth,
559 3215 600 3263 De
611 3216 739 3264 sermonis
751 3215 959 3279 proprietatibus
969 3216 1076 3278 quaein
1088 3214 1219 3278 prioribus
1229 3212 1366 3262 Ciceronis
1376 3213 1470 3261 oratio-

91 3301 164 3349 nibus
176 3302 359 3363 inveniuntur,
382 3301 450 3350 Diss.
465 3303 556 3365 inaug.
569 3300 704 3364 Erlangae
721 3303 794 3362 1877,
817 3300 848 3349 Α.
862 3299 987 3362 Koehler,
1009 3301 1051 3349 De
1064 3307 1200 3349 auctorum
1221 3298 1285 3348 belli
1301 3298 1421 3347 Africani
1445 3302 1472 3347 et

91 3385 150 3435 belli
162 3387 344 3454 Hispaniensis
359 3388 493 3438 latinitate
507 3388 574 3452 (Act.
589 3387 836 3451 sen1.Erl.I,367),
850 3387 881 3436 0.
894 3386 1020 3452 Rebling,
1038 3386 1158 3435 Versnoh
1172 3389 1246 3436 einer
1259 3385 1471 3435 Charakteristik

90 3474 132 3522 der
141 3476 285 3526 romischen
296 3475 547 3541 Umgangssprache
558 3476 719 3536 (Jahresber.
726 3475 792 3524 tiber
801 3475 845 3522 die
854 3471 1194 3524 KielerGelehrtensehule
1202 3473 1289 3537 1873),
1298 3472 1471 3533 H.Roenseh,

91 3560 156 3610 Itala
168 3563 218 3612 und
227 3562 353 3628 Vulgata,
368 3563 409 3612 ed.
422 3562 469 3612 alt.
482 3563 619 3627 Marburgi
635 3563 708 3623 1875,
722 3559 753 3609 E.
769 3559 917 3621 Woelfflin,
931 3561 996 3608 Zum
1010 3558 1196 3624 Vulgirlatein
1210 3558 1318 3623 (Philol.
1332 3558 1471 3619 XXXIIII,

94 3649 136 3695 137
150 3649 198 3714 sq.)
