3225 5092
1439 224 1477 288 11

86 418 126 482 (16
145 438 208 503 quc
230 421 346 502 agitur,
367 416 437 481 loco
457 415 560 482 verba
578 415 750 501 protulisse
771 424 884 480 statuo.
916 439 957 480 ex
978 437 1056 501 quo,
1077 417 1104 479 si
1118 438 1233 480 verum
1253 424 1311 497 est,
1332 415 1481 501 efficitur,
1516 478 1523 501 ,

84 531 118 585 ut
133 521 206 586 falsi
221 525 294 605 sint,
311 524 367 608 qui
382 544 440 607 pro
458 522 607 586 codicum
623 523 782 606 scriptura
799 523 852 585 ‘ex
866 520 911 585 re'
927 521 1076 585 editionis
1091 519 1231 585 Aldinae
1245 521 1414 587 lectionem
1429 522 1482 593 ‘ex
1584 562 1585 565 =

88 627 170 690 aerc'
188 635 393 713 receperunt,
410 625 510 688 veluti
526 625 658 711 Lipsius
673 625 866 708 Rutgersius
881 625 1038 709 Eggerus.
1070 623 1183 689 sedne
1198 634 1320 688 temere
1335 648 1388 690 me
1402 625 1482 689 illud

84 732 231 794 statuisse
255 738 362 814 putes,
385 729 477 812 vide,
501 731 612 794 sinon
636 728 677 793 de
701 731 845 794 camnine
867 728 998 810 Saliari,
1024 728 1082 792 sed
1103 737 1229 793 tantum
1254 730 1295 794 (16
1318 751 1481 794 6661616111
1565 765 1577 774 ··

84 835 256 900 Saliarium
284 835 479 899 caerimonia
505 835 700 899 mentionem
729 833 799 897 fieri
827 854 1006 918 sumamus,
1033 855 1130 918 quam
1156 836 1266 920 inepta
1293 835 1357 898 sint
1378 834 1482 898 verba

82 944 135 1002 ‘ex
149 941 206 1022 re’,
228 960 327 1024 quam
348 961 462 1023 parum
483 948 570 1026 apta,
592 941 618 1002 si
633 939 862 1022 grammaticas
878 939 1009 1003 dicendi
1023 961 1154 1004 normas
1169 948 1306 1024 spectes,
1327 941 1482 1003 correctio
1539 931 1541 933 ¹
1584 1024 1585 1027 Ἴ

84 1046 136 1108 ‘ex
152 1044 249 1108 aere'.
282 1051 393 1108 contra
404 1045 518 1126 negari
529 1045 640 1128 nequit
651 1041 754 1106 verba
770 1065 813 1106 ex
825 1042 983 1130 Saliorum
995 1045 1138 1108 carmine
1150 1043 1259 1107 adlata
1273 1047 1324 1107 ‘ex
1336 1043 1380 1106 re'
1394 1042 1481 1107 dicta

80 1147 238 1233 adpellari
250 1150 403 1234 potuisse,
419 1150 464 1212 ita
479 1156 515 1211 nt
530 1148 583 1211 ‘ex
597 1147 641 1211 re'
655 1147 742 1212 idem
758 1149 799 1211 sit
814 1147 900 1233 quod
917 1146 1201 1232 ‘quemadmodum
1216 1148 1397 1234 postulatur
1412 1149 1482 1233 ipsa
1584 1168 1585 1205 1

80 1253 135 1329 re',
153 1255 223 1316 sive
240 1252 450 1337 sequentibus
462 1251 572 1317 verbis
585 1252 733 1316 ‘adtanus
749 1251 886 1316 titinnat'
901 1251 1092 1335 significata,
1109 1253 1136 1314 si
1148 1275 1166 1315 6
1177 1251 1259 1316 libro
1271 1254 1481 1336 grammatico

81 1357 140 1420 hoc
156 1357 376 1441 fragmentum
390 1365 581 1442 excerptum
594 1365 652 1433 est,
666 1358 733 1421 sive
746 1365 821 1420 ante
834 1365 993 1436 enarrata,
1006 1359 1032 1420 si
1044 1359 1078 1420 in
1089 1356 1172 1420 libro
1185 1357 1236 1420 ‘de
1249 1356 1319 1420 diis’
1332 1357 1481 1442 Nigidius
1584 1388 1585 1429 ς

81 1461 162 1525 1666
186 1462 283 1546 dixit,
308 1470 340 1526 61
362 1461 596 1546 significatione
619 1483 683 1525 non
706 1460 844 1525 multum
867 1460 910 1525 ab
933 1461 1090 1525 adverbio
1113 1461 1209 1546 ‘apte'
1233 1461 1370 1526 differat.
1399 1483 1481 1547 quae
1584 1498 1585 1549 3

81 1587 154 1630 oum
175 1567 221 1629 ita
241 1567 314 1647 sint,
338 1567 492 1651 sequitur,
512 1574 557 1650 ut,
578 1567 729 1650 quoniam
751 1588 799 1647 ea,
829 1586 911 1650 quae
934 1564 1022 1651 apud
1037 1563 1206 1650 Nigidium
1228 1575 1481 1650 antecesserunt,

80 1673 283 1756 ignoramus,
304 1692 347 1733 ex
366 1670 490 1752 verbis,
511 1672 575 1734 utri
595 1671 684 1755 operi
705 1670 908 1753 adsignanda
927 1671 1005 1752 sint,
1029 1669 1204 1734 decernere
1228 1692 1292 1734 non
1312 1673 1481 1756 possimus,

82 1779 139 1839 etsi
167 1775 295 1838 facilior
314 1797 353 1838 ea
373 1776 547 1860 explicatio
573 1797 643 1838 esse
668 1774 833 1856 videatur,
860 1784 897 1837 ut
920 1774 963 1838 ad
986 1777 1232 1858 grammaticum
1259 1773 1377 1840 librum
1401 1776 1483 1840 haec
1584 1854 1585 1857 Ἴ

80 1879 262 1944 referamus
277 1901 382 1965 neque
398 1878 603 1943 abundanter
620 1881 673 1942 ‘ex
688 1880 733 1942 rc'
746 1881 838 1942 iuxta
856 1879 982 1963 ‘itaque'
996 1879 1119 1944 dictum
1131 1902 1202 1944 esse
1218 1902 1392 1945 sumamus.
1424 1881 1481 1944 sed
1584 1884 1585 1915 ³

81 1985 139 2049 alia
161 1985 258 2050 nobis
279 1984 570 2069 circumspicienda
590 1993 664 2047 sunt
683 1993 883 2068 argumenta,
905 1982 1022 2068 quibus
1042 1984 1124 2048 haec
1144 1986 1302 2049 sententia
1319 1983 1480 2050 fulciatur.

81 2110 189 2174 neque
205 2089 244 2152 iis
261 2111 318 2153 nos
335 2088 504 2153 destitutos
521 2109 592 2151 esse
608 2089 719 2152 sentia.
750 2110 790 2152 ac
805 2088 946 2173 primum
960 2086 1055 2154 huius
1070 2087 1159 2152 modi
1174 2090 1337 2153 enuntiato
1352 2090 1384 2152 16
1399 2087 1482 2152 libro

82 2193 130 2255 ‘de
151 2193 227 2257 diis'
245 2191 375 2257 XVIII.
387 2192 477 2256 locus
497 2214 560 2257 non
584 2213 655 2256 6666
676 2192 815 2275 videtur,
839 2215 913 2256 cum
936 2216 954 2257 e
973 2193 1153 2276 fragmento
1173 2193 1260 2278 apud
1280 2193 1482 2258 Macrobium

79 2295 310 2379 sat.111,4,6
334 2306 476 2378 servato,
510 2295 567 2360 ubi
594 2296 634 2360 (16
658 2296 854 2361 ‘Penatibus'
878 2295 1029 2380 Nigidius
1056 2299 1139 2381 agit,
1168 2297 1374 2380 intellegatur
1407 2319 1481 2360 eum

81 2403 261 2482 materiam,
287 2421 385 2485 quam
404 2409 485 2466 teste
501 2400 646 2465 Arnobio
667 2402 751 2466 ‘adu
769 2401 845 2464 nat’
862 2400 922 2482 III,
939 2401 992 2483 40,
1012 2400 1130 2485 6138,
1147 2401 1169 2464 5
1185 2401 1278 2464 Reiff.
1291 2400 1373 2465 libro
1388 2401 1481 2465 XVI.

80 2507 245 2583 tractavit,
274 2503 356 2570 libro
374 2505 518 2569 XVIIII.
540 2505 684 2569 nondum
706 2504 884 2589 reliquisse.
924 2504 1042 2568 deinde
1069 2504 1394 2570 animadvertendum
1422 2515 1481 2588 661,

81 2611 165 2694 quod
189 2632 207 2672 e
228 2609 386 2675 lemmatis
406 2632 426 2672 a
441 2608 620 2673 Schmidtio
636 2609 656 2673 l.
671 2632 697 2674 6.
711 2632 743 2694 p.
759 2608 820 2673 108
834 2630 904 2694 sqq.
918 2610 1079 2692 congestis
1098 2609 1244 2694 adparet,
1265 2607 1383 2674 lemma
1398 2609 1482 2673 ‘Tin-

29 2797 30 2804 ἵ
79 2713 207 2778 tinnire'
225 2716 258 2779 in
273 2736 336 2778 uno
353 2735 395 2776 cx
410 2715 448 2777 iis
468 2713 643 2778 verborum
659 2712 825 2777 ordinibus
840 2715 980 2799 positum
996 2735 1077 2793 esse,
1098 2715 1131 2775 in
1152 2712 1268 2797 quibus
1285 2712 1369 2777 duae
1385 2715 1482 2779 etiam

79 2819 204 2902 Nigidii
216 2819 370 2904 reliquiae
382 2820 612 2902 grammaticae
628 2819 738 2881 insunt
750 2840 773 2882 s.
787 2840 819 2882 v.
833 2817 996 2882 ‘irascere'
1009 2840 1041 2903 p.
1056 2817 1127 2894 121,
1142 2827 1160 2880 8
1178 2826 1210 2879 61
1225 2839 1249 2880 s.
1263 2839 1292 2879 v.
1307 2817 1478 2882 ‘Nixurire'

29 2983 30 3020 ,
80 2947 107 3009 p.
129 2925 205 3008 144,
228 2923 278 2986 18.
318 2945 400 3008 quae
427 2945 501 2987 oum
528 2922 648 2989 diserte
675 2945 693 2985 6
720 2924 958 2987 66611666161116
983 2923 1202 3005 grammaticis
1234 2931 1382 3006 sumptae
1409 2943 1480 2985 esse

81 3029 242 3114 dicantur,
258 3030 328 3091 veri
344 3037 393 3091 est
408 3012 564 3092 dissimile
579 3027 800 3112 glossatorem,
821 3037 857 3091 ut
872 3028 934 3091 hoc
949 3026 1049 3091 verbo
1064 3038 1148 3108 utar,
1169 3028 1195 3090 si
1211 3025 1339 3111 quando
1354 3026 1481 3090 titulum

82 3135 235 3217 omiserit,
250 3156 315 3197 non
329 3132 417 3197 idem
432 3154 512 3218 opus
527 3131 671 3216 intellegi
688 3132 838 3214 voluisse,
855 3155 929 3197 cum
943 3135 976 3195 in
991 3131 1220 3196 adverbiorum
1233 3129 1408 3211 ordinibus,
1425 3130 1482 3195 ubi

83 3260 110 3323 p.
126 3237 200 3320 147,
214 3236 258 3301 24
271 3260 294 3302 s.
308 3259 338 3299 v.
354 3235 643 3301 ‘Obsecundanter'
657 3237 875 3322 fragmentum
889 3260 953 3300 non
970 3260 987 3300 e
1000 3237 1238 3300 commentariis
1253 3236 1481 3320 grammaticis,

83 3344 131 3424 qui
151 3366 184 3428 p.
203 3341 258 3423 40,
276 3340 318 3404 24
337 3349 369 3404 61
388 3363 419 3426 p.
439 3340 511 3423 104,
529 3341 571 3405 30
591 3351 897 3418 commemorantur,
925 3341 982 3404 sed
1006 3365 1025 3405 6
1044 3340 1125 3404 libro
1148 3339 1199 3403 ‘'de
1224 3340 1295 3403 diis'
1317 3350 1480 3424 sumptum

82 3445 206 3530 legitur,
233 3445 362 3530 idipso
387 3447 493 3530 operis
516 3445 609 3510 titulo
632 3446 849 3530 significatum
876 3449 926 3510 sit.
969 3444 1030 3508 hoc
1058 3454 1284 3529 argumentum
1312 3466 1389 3508 sane
1416 3467 1480 3508 non

83 3550 216 3632 valeret,
241 3552 267 3613 si
288 3551 358 3634 quis
380 3572 454 3614 cum
475 3549 608 3614 Hertaio
628 3549 751 3614 librarii
771 3571 880 3614 errore
903 3559 975 3634 post
996 3549 1183 3633 ‘Nigidius'
1199 3549 1302 3614 verba
1328 3549 1379 3613 ‘de
1407 3549 1478 3614 diis'

83 3653 243 3719 excidisse
259 3662 430 3733 statueret3
448 3674 531 3738 quae
547 3655 731 3719 coniectura
748 3677 825 3718 6666
840 3654 995 3718 audacior
1010 3663 1079 3717 tum
1095 3653 1226 3717 demum
1241 3654 1346 3737 accipi
1361 3661 1478 3736 posset,

84 3761 106 3819 si
119 3758 329 3842 gravioribus
345 3761 545 3842 argumentis
563 3758 838 3843 comprobaretur.
870 3759 957 3843 quod
973 3779 1065 3821 secus
1081 3779 1152 3821 6666
1168 3757 1317 3820 vidimus.

182 3863 285 3927 Porro
301 3864 398 3927 etiam
416 3865 621 3927 coniecturae
637 3865 719 3927 ratio
735 3863 814 3927 mihi
829 3861 998 3928 reddenda
1014 3872 1072 3944 661,
1093 3883 1157 3946 qua
1176 3863 1264 3924 nisus
1281 3883 1377 3946 supra
1392 3883 1423 3947 p.
1441 3861 1478 3923 12

84 3964 176 4032 Gellii
192 3969 234 4032 N.
247 3969 289 4031 A.
303 3967 396 4052 VIII,
419 3967 460 4032 14
475 3978 584 4054 etyma
601 3968 833 4032 adiectivorum
850 3967 974 4032 ‘vanus'
992 3978 1024 4030 61
1039 3966 1193 4031 ‘stolidus'
1215 3967 1362 4051 exposita
1380 3965 1478 4029 fuisse

84 4073 233 4153 indicavi,
255 4093 451 4156 quamquam
468 4074 500 4136 in
518 4074 633 4158 capitis
647 4073 809 4156 lemmate,
831 4072 916 4158 quod
932 4072 1034 4137 solum
1050 4072 1143 4137 nobis
1159 4080 1323 4137 servatum
1340 4079 1397 4150 est,
1418 4071 1479 4134 hae

85 4197 176 4242 voces
190 4198 256 4241 666
269 4186 571 4242 commemorantur.
603 4186 637 4241 at
648 4177 783 4262 legimus
800 4177 861 4242 alio
878 4177 957 4260 1666,
970 4177 1098 4259 XVIII,
1106 4178 1138 4258 4,
1149 4176 1203 4239 11:
1220 4180 1340 4260 ‘etyma
1352 4196 1479 4259 quoquc

84 4279 195 4347 harum
208 4304 327 4346 vocum
341 4282 479 4367 (‘vanus'
493 4291 525 4344 et
537 4281 706 4368 stolidus)
719 4291 751 4346 et
764 4285 903 4366 origines
916 4285 1052 4369 scriptas
1066 4303 1136 4346 esse
1149 4280 1279 4344 dicebat
1288 4277 1478 4364 (Sulpicius)

85 4385 224 4452 inlibris
244 4385 438 4470 Nigidianis.
479 4407 561 4470 quas
581 4389 752 4471 requisitas
777 4409 836 4469 ego
860 4396 892 4450 et
914 4397 1061 4474 repertas
1085 4408 1158 4450 cum
1182 4387 1361 4471 primarum
1385 4387 1478 4468 signi·

86 4488 268 4555 ficationum
285 4491 453 4576 exemplis,
474 4501 509 4555 ut
529 4493 765 4556 commentariis
785 4492 899 4557 harum
916 4495 1060 4556 noctium
1075 4491 1237 4572 inferrem,
1261 4491 1371 4553 notavi
1387 4499 1419 4553 et
1434 4492 1478 4554 in-

86 4595 191 4660 tulisse
212 4597 277 4660 iam
305 4617 356 4660 me
380 4595 487 4681 aliquo
516 4599 548 4661 in
575 4596 644 4660 1666
669 4596 993 4662 commentationibus
1020 4598 1089 4661 istis
1117 4594 1286 4661 existimo!
1330 4593 1365 4658 id
1392 4595 1478 4680 quod

129 4717 297 4760 eructationes
305 4717 381 4768 philol.
388 4717 478 4759 vindob.
493 4718 521 4758 ΙΙ.
1304 4721 1320 4768 2
