3225 5092
103 231 144 296 14

101 423 278 506 Nigidiana
298 423 427 490 omnino
446 443 511 486 non
533 423 708 502 continent,
730 421 794 486 duo
811 420 921 508 (XIII,
945 420 995 503 10,
1011 421 1043 504 4,
1063 421 1173 503 XVII,
1193 423 1242 504 13,
1262 421 1316 507 11)
1333 445 1406 486 cum
1421 423 1502 506 frag-

101 528 217 591 mentis
232 529 264 591 in
280 526 394 592 iisdem
417 525 508 591 libris
528 528 664 591 servatis
684 525 771 590 nullo
791 527 992 609 cognationis
1012 525 1142 590 vinculo
1163 529 1326 591 coniuncti
1347 538 1435 608 sunt3
1458 529 1502 590 ni·

102 633 219 694 mirum
245 630 426 716 complures
448 630 572 715 Nigidii
599 630 696 696 libros
726 631 928 696 continenter
951 629 1076 695 Gellius
1098 630 1186 714 legit.
1230 631 1288 694 sed
1311 631 1364 695 vel
1387 654 1430 695 ex
1452 631 1502 695 his

103 735 229 800 duobus
253 735 333 800 locis
356 758 449 818 unus,
478 738 532 820 qui
555 743 663 800 exstat
677 736 717 799 N.
736 734 776 798 A.
793 734 890 818 XIII,
916 735 966 822 10,
989 734 1050 821 4,1)
1074 737 1119 799 ita
1142 745 1348 821 comparatus
1372 746 1435 820 est,
1466 746 1502 801 61

103 839 245 904 Gellium
258 841 347 904 vocis
360 841 478 906 ‘fratris
491 841 632 925 'etymon
648 840 784 905 ‘sororis’
798 840 1017 925 explicationi,
1032 862 1128 925 quam
1141 863 1184 904 ex
1195 842 1337 905 Antistio
1348 840 1503 906 Labeone

103 945 294 1029 protulerat,
311 945 351 1009 (16
366 947 524 1011 memoria
539 966 598 1009 sua
614 944 771 1009 adiecisse
786 943 999 1030 probabiliter
1015 953 1146 1026 statuas,
1164 967 1228 1029 qua
1242 968 1278 1009 16
1295 945 1390 1009 simul
1405 968 1504 1010 66666

103 1049 296 1135 explicatur,
320 1072 378 1114 cur
392 1049 467 1114 libri
482 1049 594 1114 titulus
610 1060 642 1114 et
662 1070 814 1116 numerus
835 1071 899 1116 non
919 1050 1113 1132 indicentur,
1134 1050 1168 1114 id
1182 1049 1274 1136 ‘quod
1294 1051 1503 1115 Mercklinius
1596 1132 1597 1135 Ἴ

102 1177 177 1218 666.
202 1153 315 1240 philol.
340 1154 444 1249 suppl.
468 1153 674 1242 111.,p.653
701 1177 739 1220 ea
767 1156 953 1220 coniectura
980 1154 1145 1240 explicare
1172 1153 1309 1237 studuit,
1344 1165 1379 1218 ut
1405 1157 1502 1220 etiam

101 1259 226 1344 Nigidii
254 1261 449 1324 sententiam
479 1282 522 1323 ex
549 1258 689 1323 Antistio
715 1258 873 1323 Labeone
902 1269 1124 1324 transvectam
1151 1281 1221 1323 6666
1249 1269 1405 1324 censeret.
1446 1259 1502 1323 sed

103 1363 280 1428 Antistium
292 1365 326 1426 in
338 1364 394 1445 616,
407 1383 490 1449 quae
502 1372 580 1427 sect.
591 1363 611 1426 3
624 1373 786 1447 secuntur,
799 1385 819 1426 a
828 1361 933 1428 Gellio
944 1365 1062 1448 respici
1071 1362 1342 1427 Krctzschmerus
1352 1363 1372 1427 l.
1383 1385 1411 1427 6.
1421 1386 1452 1449 p.
1462 1363 1502 1426 66

104 1470 252 1553 negavit,
287 1467 385 1554 idque
419 1490 475 1532 suo
506 1469 592 1550 iure3
631 1489 721 1550 nam,
762 1489 957 1553 quamquam
988 1467 1201 1532 Mercklinius
1234 1490 1309 1532 ann.
1338 1466 1447 1552 philol.
1475 1491 1503 1531 a.

103 1570 363 1653 MDOOOLXI,
380 1595 411 1658 p.
429 1572 491 1634 717
514 1573 710 1638 contrarium
728 1572 903 1654 contendit,
923 1572 1047 1655 Nigidii
1062 1570 1142 1635 illud
1157 1571 1370 1656 veriloquium
1384 1593 1501 1656 nequa·

104 1699 202 1763 quam
218 1687 255 1742 ut
270 1699 367 1742 ovum
385 1700 446 1742 ovo
460 1677 563 1742 simile
575 1686 625 1742 est
635 1676 767 1740 Antistii
780 1676 1022 1740 definitionibus
1037 1676 1259 1762 etymologicis
1271 1675 1504 1740 vocabulorum

104 1782 240 1846 ‘sororis’
264 1780 310 1868 (h.
323 1780 369 1866 1.),
387 1782 525 1846 ‘viduae'
542 1781 633 1867 (Dig.
646 1781 696 1863 L,
720 1781 770 1864 16,
791 1779 880 1866 242),
903 1781 1087 1844 ‘matronae'
1106 1779 1203 1867 (Gell.
1216 1780 1344 1862 XVIII,
1364 1780 1394 1864 6,
1417 1781 1445 1863 7,
1462 1782 1502 1845 cf.

105 1886 310 1950 Kretzschm.
323 1909 355 1972 p.
369 1886 434 1971 66),
451 1888 570 1971 quippe
587 1907 670 1971 quae
686 1893 798 1970 aperte
814 1885 954 1970 prodant
968 1887 1046 1950 iuris
1064 1884 1200 1949 consulti
1215 1884 1366 1949 indolem.

209 1991 301 2071 Quae
319 2011 417 2076 supra
436 1990 502 2075 p.4
518 1990 559 2054 de
579 1989 690 2054 formis
707 1989 844 2053 ‘facitur'
862 1999 895 2054 et
910 1988 965 2052 ‘fit'
983 1989 1062 2072 dixi,
1085 2011 1159 2053 cum
1179 2011 1252 2055 1666
1271 1989 1311 2053 (16
1331 1988 1394 2053 hoc
1407 1989 1504 2053 Nonii

104 2095 175 2160 loco
192 2096 237 2181 (p.
252 2093 326 2177 507,
345 2093 399 2180 14)
415 2094 615 2160 restituendo
632 2096 790 2158 sententia
807 2093 992 2158 cohaerent.
1023 2093 1146 2177 Nigidii
1162 2095 1247 2157 enim
1258 2093 1362 2157 verba
1377 2115 1505 2179 corrup-

104 2201 227 2264 tissima
238 2199 285 2264 ibi
297 2199 380 2263 haec
392 2199 555 2284 leguntur:
574 2198 626 2279 ‘id,
643 2196 730 2282 quod
746 2197 831 2279 dico,
846 2197 1042 2261 huiusmodi
1055 2208 1117 2262 est:
1134 2200 1180 2261 tui
1191 2198 1269 2261 facit
1279 2221 1375 2260 ποιετα
1385 2198 1505 2262 facitur

105 2305 286 2369 tinaetaee'.
318 2304 447 2368 ultimas
463 2302 605 2390 syllabas
622 2325 720 2367 sensu
737 2323 847 2367 cassas
862 2302 1055 2367 omittebant
1070 2300 1207 2366 editores
1223 2312 1297 2367 ante
1309 2302 1502 2385 Mercerum,

106 2431 185 2494 quos
209 2419 339 2474 secutus
363 2418 413 2473 est
432 2408 672 2493 Quicheratius,
694 2409 748 2493 qui
769 2429 843 2472 cum
860 2408 1033 2490 Rutgersio
1053 2407 1099 2492 (p.
1117 2406 1195 2493 262)
1216 2417 1248 2470 61
1266 2407 1395 2491 Eggero
1415 2406 1449 2492 (l.
1472 2429 1499 2469 c.

106 2535 136 2598 p.
155 2511 211 2598 51)
233 2515 375 2599 scripsit:
401 2513 444 2577 ‘id
464 2512 551 2598 quod
572 2512 659 2594 (1166,
683 2511 778 2576 116166
799 2512 887 2576 modi
907 2521 972 2575 est:
992 2518 1078 2594 ποιεῖ,
1099 2511 1191 2591 facit3
1216 2515 1345 2595 ποιεῖται,
1365 2510 1503 2592 facitur’,

106 2619 196 2702 quasi
208 2616 359 2700 Nigidius
371 2615 498 2682 Graeca
513 2617 616 2681 verba
629 2616 765 2700 Latinis,
782 2616 976 2704 6661161166
992 2615 1128 2681 Graecis
1144 2616 1355 2702 explicasset!
1379 2614 1502 2700 melius,

107 2723 133 2784 si
160 2723 351 2786 sententiam
375 2731 517 2807 spectas,
551 2721 608 2785 sed
640 2720 795 2785 audacius
824 2723 960 2786 coniecit
982 2722 1133 2786 Rothius:
1167 2713 1324 2786 ‘uti'facit
1345 2724 1430 2796 ποιεῖ,
1458 2723 1504 2784 116

105 2827 223 2890 facitur
237 2831 352 2888 ποιεῖται
368 2825 436 2889 est'.
469 2824 679 2891 obscurarum
694 2834 800 2891 autem
818 2826 945 2890 illarum
961 2825 1169 2911 syllabarum,
1187 2848 1270 2910 quae
1286 2828 1395 2892 161166
1408 2849 1504 2892 enun-

105 2933 175 2995 tiati
191 2939 330 3014 exstant,
346 2951 442 2995 nemo
459 2940 580 2996 certam
595 2931 702 2994 adhuc
718 2931 881 2996 medelam
896 2933 1028 2997 invenit.
1065 2953 1126 3016 ego
1146 2931 1287 3017 quidem,
1307 2941 1343 2996 ut
1357 2932 1503 3014 Rothius,

107 3035 187 3100 duas
208 3037 241 3098 16
267 3037 305 3098 116
329 3035 430 3099 161616
455 3057 551 3098 voces
571 3043 663 3122 puto,
692 3057 830 3120 quarum
852 3035 988 3100 alteram
1015 3037 1084 3099 ‘est'
1107 3036 1206 3100 fuisse
1234 3058 1251 3099 e
1275 3036 1396 3101 codicis
1419 3037 1506 3102 Pari-

110 3140 222 3203 siensis
236 3138 330 3224 7667,
347 3141 401 3225 qui
414 3147 463 3202 est
473 3141 678 3226 praecipuus,
695 3141 855 3225 scriptura
868 3141 979 3205 ‘tincta
991 3140 1145 3226 (‘tinetea’
1159 3151 1323 3226 expuncto
1339 3141 1440 3205 altero
1453 3141 1506 3225 ‘c')

16 3231 17 3242 ³
111 3243 192 3308 esse⁷
227 3244 355 3328 colligo,
394 3243 495 3308 altera
522 3242 615 3308 verbi
638 3241 757 3308 Graeci
788 3243 893 3308 forma
922 3247 1067 3332 passiva,
1103 3267 1186 3329 quae
1213 3255 1361 3327 vocatur,
1393 3248 1426 3309 in
1453 3268 1507 3307 -ται

106 3351 277 3414 1611616616
293 3348 392 3412 fuisse
408 3348 546 3413 videtur.
577 3349 696 3433 itaque,
713 3358 749 3412 ut
764 3347 873 3412 brevis
889 3350 960 3434 sim,
982 3349 1191 3414 scribendum
1207 3371 1338 3414 censeo:
1360 3351 1402 3414 ‘id
1419 3350 1506 3436 quod
1566 3387 1569 3392 ·

108 3453 180 3519 dico
196 3454 291 3517 huius
310 3452 397 3517 modi
415 3462 477 3516 cst:
498 3455 545 3517 uti
565 3452 643 3517 facit
657 3452 752 3538 1666,
768 3455 827 3539 1)16
841 3453 961 3518 facitur
975 3462 1085 3532 τιμᾶται
1100 3454 1171 3536 est’,
1190 3463 1227 3517 ut
1241 3455 1402 3538 Nigidius,
1423 3476 1506 3540 quae

108 3567 176 3624 erat
194 3561 262 3623 eius
280 3557 518 3644 consuetud0,‘²)
536 3558 777 3642 significationis
793 3559 968 3623 discrimen
983 3561 1068 3623 16161
1085 3559 1139 3622 ‘fit'
1156 3569 1189 3623 61
1204 3560 1340 3624 ‘facitur'
1357 3561 1506 3623 statuisse

106 3663 203 3748 idque
229 3662 337 3727 verbis
354 3661 489 3727 Graccis
513 3662 689 3727 illustrasse
713 3663 876 3748 putandus
902 3664 951 3727 sit.
990 3662 1076 3748 quod
1097 3663 1272 3728 discrimen
1294 3685 1370 3727 6666
1391 3685 1503 3728 verum

106 3791 171 3832 non
187 3779 249 3848 cst,
267 3767 324 3832 sed
336 3767 486 3851 Nigidius
503 3788 576 3830 cum
592 3767 655 3832 alia
672 3766 712 3831 de
726 3766 901 3832 verborum
913 3768 1147 3852 significatione
1160 3777 1281 3832 temere
1299 3769 1419 3850 statuit,
1435 3777 1505 3832 tum

107 3872 149 3937 ad
164 3871 248 3936 hanc
269 3874 461 3937 sententiam
473 3872 583 3936 Titinii
598 3870 668 3936 loco
683 3871 803 3936 adduci
819 3874 933 3956 potuit,
950 3893 1046 3956 quem
1057 3873 1193 3936 fortasse
1204 3875 1273 3956 ipse
1286 3872 1400 3936 attulit.
1426 3894 1503 3937 nam

108 3976 262 4060 Figulum
279 3978 464 4061 praeceptis
481 3977 546 4041 suis
563 3975 714 4061 exempla
734 3976 890 4061 pleraque
911 3975 1085 4057 addidisse,
1106 3977 1140 4040 id
1159 3976 1246 4061 quod
1266 3999 1374 4062 perse
1390 3977 1506 4062 proba

108 4080 172 4145 bile
198 4090 260 4163 est,
289 4103 306 4144 6
330 4079 426 4145 Gellii
448 4082 558 4146 verbis
580 4081 712 4165 XVIII,
736 4082 770 4159 4,
796 4083 851 4146 11:
880 4082 1187 4168 ‘Quas...repertas
1218 4104 1292 4145 cum
1325 4085 1504 4168 primarum

108 4185 379 4269 significationum
400 4185 632 4271 exemplis...,'
657 4196 690 4249 61
708 4185 787 4268 IIII,
812 4186 846 4269 9,
869 4187 885 4249 1
912 4185 1266 4270 ‘Nigidius...versum
1298 4209 1341 4251 ex
1373 4188 1505 4272 antiquo

214 4363 233 4427 1)
247 4363 364 4412 ‘Fratris’
377 4368 466 4412 autem
477 4362 638 4412 vocabulum
648 4363 677 4412 P.
689 4363 820 4428 Nigidius,
834 4363 913 4414 homo
923 4366 1043 4429 impense
1054 4364 1154 4426 doctus,
1168 4380 1222 4414 non
1234 4366 1322 4414 minus
1334 4370 1429 4430 arguto
1442 4364 1501 4414 sub-

108 4449 203 4513 tilique
224 4442 304 4516 ἐτύμῳ
323 4451 527 4515 interpretatur:
540 4450 637 4512 ⁴frater,
651 4451 746 4515 inquit,
761 4457 801 4500 est
814 4451 901 4501 dictus
913 4453 991 4517 quasi
1003 4451 1058 4501 fers
1071 4450 1156 4501 alter.'

213 4535 233 4599 ²)
247 4536 315 4586 Vide
326 4535 477 4602 fragmenta
488 4537 508 4586 I.
523 4536 608 4602 (Suet.
619 4536 676 4589 rell.
687 4554 711 4603 p.
722 4539 781 4600 289,
797 4538 832 4602 1),
849 4539 896 4589 111.
908 4539 988 4604 (Non.
999 4555 1024 4604 p.
1035 4540 1093 4602 437,
1104 4540 1158 4604 23),
1175 4539 1325 4588 XXXXIII.
1337 4538 1421 4604 (Serv.
1432 4539 1503 4588 Dan.

108 4623 149 4675 aa
163 4622 743 4690 6666.1,(1),16(11(ν161.;66116,
758 4627 797 4674 11.
