<?xml version="1.0" encoding="UTF-8"?>
<!DOCTYPE html PUBLIC "-//W3C//DTD XHTML 1.0 Transitional//EN"
    "http://www.w3.org/TR/xhtml1/DTD/xhtml1-transitional.dtd">
<html xmlns="http://www.w3.org/1999/xhtml" xml:lang="en" lang="en">
 <head>
  <title>
</title>
<meta http-equiv="Content-Type" content="text/html;charset=utf-8" />
  <meta name='ocr-system' content='tesseract 3.04.00' />
  <meta name='ocr-capabilities' content='ocr_page ocr_carea ocr_par ocr_line ocrx_word'/>
</head>
<body>
  <div class='ocr_page' id='page_1' title='image "./dissertationesp06wiengoog_0227.png"; bbox 0 0 3225 5092; ppageno 0'>
   <div class='ocr_carea' id='block_1_1' title="bbox 89 222 152 285">
    <p class='ocr_par' dir='ltr' id='par_1_1' title="bbox 89 222 152 285">
     <span class='ocr_line' id='line_1_1' title="bbox 89 222 152 285; baseline -0.016 -1"><span class='ocrx_word' id='word_1_1' title='bbox 89 222 152 285; x_wconf 80' lang='lat'>216</span> 
     </span>
    </p>
   </div>
   <div class='ocr_carea' id='block_1_2' title="bbox 2 409 1484 4671">
    <p class='ocr_par' dir='ltr' id='par_1_2' title="bbox 2 409 1484 805">
     <span class='ocr_line' id='line_1_2' title="bbox 2 409 1484 497; baseline -0.002 -21"><span class='ocrx_word' id='word_1_2' title='bbox 2 483 4 486; x_wconf 55' lang='grc'><strong>,</strong></span> <span class='ocrx_word' id='word_1_3' title='bbox 87 413 217 497; x_wconf 71' lang='grc'><strong>11111111</strong></span> <span class='ocrx_word' id='word_1_4' title='bbox 229 414 384 496; x_wconf 90' lang='lat' dir='ltr'>scriptum</span> <span class='ocrx_word' id='word_1_5' title='bbox 396 412 430 475; x_wconf 92' lang='lat' dir='ltr'>in</span> <span class='ocrx_word' id='word_1_6' title='bbox 442 411 553 474; x_wconf 93' lang='lat' dir='ltr'>codice</span> <span class='ocrx_word' id='word_1_7' title='bbox 566 432 722 495; x_wconf 88' lang='lat' dir='ltr'>excoque</span> <span class='ocrx_word' id='word_1_8' title='bbox 739 412 772 473; x_wconf 93' lang='lat' dir='ltr'>in</span> <span class='ocrx_word' id='word_1_9' title='bbox 784 410 857 492; x_wconf 90' lang='lat' dir='ltr'>Lb’,</span> <span class='ocrx_word' id='word_1_10' title='bbox 870 410 912 473; x_wconf 91' lang='lat' dir='ltr'>ad</span> <span class='ocrx_word' id='word_1_11' title='bbox 926 409 1071 475; x_wconf 89' lang='lat' dir='ltr'>eiusdem</span> <span class='ocrx_word' id='word_1_12' title='bbox 1083 410 1212 475; x_wconf 88' lang='lat' dir='ltr'>fabulae</span> <span class='ocrx_word' id='word_1_13' title='bbox 1225 434 1256 475; x_wconf 91' lang='lat' dir='ltr'>v.</span> <span class='ocrx_word' id='word_1_14' title='bbox 1273 410 1370 475; x_wconf 78' lang='lat'>1022:</span> <span class='ocrx_word' id='word_1_15' title='bbox 1388 410 1484 496; x_wconf 80' lang='lat' dir='ltr'>‘quod</span> 
     </span>
     <span class='ocr_line' id='line_1_3' title="bbox 87 514 1484 602; baseline -0.001 -23"><span class='ocrx_word' id='word_1_16' title='bbox 87 528 160 602; x_wconf 90' lang='lat' dir='ltr'>post</span> <span class='ocrx_word' id='word_1_17' title='bbox 174 521 231 602; x_wconf 76' lang='grc' dir='ltr'>γὰρ</span> <span class='ocrx_word' id='word_1_18' title='bbox 251 518 283 578; x_wconf 89' lang='lat' dir='ltr'>in</span> <span class='ocrx_word' id='word_1_19' title='bbox 309 515 420 579; x_wconf 91' lang='lat' dir='ltr'>codice</span> <span class='ocrx_word' id='word_1_20' title='bbox 441 536 568 579; x_wconf 82' lang='lat' dir='ltr'>erasum</span> <span class='ocrx_word' id='word_1_21' title='bbox 588 524 637 577; x_wconf 90' lang='lat' dir='ltr'>est</span> <span class='ocrx_word' id='word_1_22' title='bbox 651 516 699 595; x_wconf 75' lang='lat' dir='ltr'>dv,</span> <span class='ocrx_word' id='word_1_23' title='bbox 719 516 878 579; x_wconf 89' lang='lat' dir='ltr'>intactum</span> <span class='ocrx_word' id='word_1_24' title='bbox 900 537 975 579; x_wconf 91' lang='lat' dir='ltr'>cum</span> <span class='ocrx_word' id='word_1_25' title='bbox 989 516 1023 579; x_wconf 92' lang='lat' dir='ltr'>in</span> <span class='ocrx_word' id='word_1_26' title='bbox 1038 514 1109 579; x_wconf 89' lang='lat' dir='ltr'>aliis</span> <span class='ocrx_word' id='word_1_27' title='bbox 1125 514 1320 601; x_wconf 84' lang='lat' dir='ltr'>apographis</span> <span class='ocrx_word' id='word_1_28' title='bbox 1336 515 1484 600; x_wconf 89' lang='lat' dir='ltr'>pluribus</span> 
     </span>
     <span class='ocr_line' id='line_1_4' title="bbox 86 617 1484 704; baseline -0.001 -21"><span class='ocrx_word' id='word_1_29' title='bbox 86 620 234 685; x_wconf 91' lang='lat' dir='ltr'>relictum</span> <span class='ocrx_word' id='word_1_30' title='bbox 255 629 304 682; x_wconf 91' lang='lat' dir='ltr'>est</span> <span class='ocrx_word' id='word_1_31' title='bbox 323 629 390 683; x_wconf 92' lang='lat' dir='ltr'>tum</span> <span class='ocrx_word' id='word_1_32' title='bbox 411 621 444 683; x_wconf 91' lang='lat' dir='ltr'>in</span> <span class='ocrx_word' id='word_1_33' title='bbox 460 618 515 696; x_wconf 75' lang='lat' dir='ltr'>Lo,</span> <span class='ocrx_word' id='word_1_34' title='bbox 537 641 579 682; x_wconf 88' lang='lat' dir='ltr'>ex</span> <span class='ocrx_word' id='word_1_35' title='bbox 599 640 661 703; x_wconf 91' lang='lat' dir='ltr'>quo</span> <span class='ocrx_word' id='word_1_36' title='bbox 678 617 786 702; x_wconf 83' lang='lat' dir='ltr'>colligi</span> <span class='ocrx_word' id='word_1_37' title='bbox 802 627 909 704; x_wconf 87' lang='lat' dir='ltr'>potest</span> <span class='ocrx_word' id='word_1_38' title='bbox 923 620 961 685; x_wconf 72' lang='lat' dir='ltr'>dv</span> <span class='ocrx_word' id='word_1_39' title='bbox 976 620 1009 682; x_wconf 91' lang='lat' dir='ltr'>in</span> <span class='ocrx_word' id='word_1_40' title='bbox 1027 619 1140 683; x_wconf 91' lang='lat' dir='ltr'>codice</span> <span class='ocrx_word' id='word_1_41' title='bbox 1155 619 1197 683; x_wconf 90' lang='lat' dir='ltr'>ab</span> <span class='ocrx_word' id='word_1_42' title='bbox 1213 621 1338 684; x_wconf 90' lang='lat' dir='ltr'>recenti</span> <span class='ocrx_word' id='word_1_43' title='bbox 1353 618 1484 682; x_wconf 93' lang='lat' dir='ltr'>demum</span> 
     </span>
     <span class='ocr_line' id='line_1_5' title="bbox 87 722 933 805; baseline -0.002 -18"><span class='ocrx_word' id='word_1_44' title='bbox 87 746 214 788; x_wconf 82' lang='lat' dir='ltr'>erasum</span> <span class='ocrx_word' id='word_1_45' title='bbox 231 746 300 787; x_wconf 90' lang='lat' dir='ltr'>esse</span> <span class='ocrx_word' id='word_1_46' title='bbox 316 725 411 788; x_wconf 91' lang='lat' dir='ltr'>metri</span> <span class='ocrx_word' id='word_1_47' title='bbox 428 732 625 787; x_wconf 89' lang='lat' dir='ltr'>correctore.</span> <span class='ocrx_word' id='word_1_48' title='bbox 637 773 643 784; x_wconf 93' lang='lat'><strong>.</strong></span> <span class='ocrx_word' id='word_1_49' title='bbox 655 723 684 805; x_wconf 87' lang='lat'>.&#39;,</span> <span class='ocrx_word' id='word_1_50' title='bbox 701 723 743 787; x_wconf 88' lang='lat' dir='ltr'>ad</span> <span class='ocrx_word' id='word_1_51' title='bbox 758 724 795 787; x_wconf 93' lang='lat' dir='ltr'>P.</span> <span class='ocrx_word' id='word_1_52' title='bbox 813 722 877 787; x_wconf 84' lang='lat'>493</span> <span class='ocrx_word' id='word_1_53' title='bbox 893 723 933 787; x_wconf 94' lang='grc'>11.</span> 
     </span>
    </p>

    <p class='ocr_par' dir='ltr' id='par_1_3' title="bbox 68 826 1483 2166">
     <span class='ocr_line' id='line_1_6' title="bbox 189 826 1483 913; baseline -0.002 -22"><span class='ocrx_word' id='word_1_54' title='bbox 189 830 259 893; x_wconf 92' lang='lat' dir='ltr'>Iam</span> <span class='ocrx_word' id='word_1_55' title='bbox 286 851 364 892; x_wconf 89' lang='lat' dir='ltr'>vero</span> <span class='ocrx_word' id='word_1_56' title='bbox 390 830 417 891; x_wconf 90' lang='lat' dir='ltr'>si</span> <span class='ocrx_word' id='word_1_57' title='bbox 444 829 645 912; x_wconf 85' lang='lat' dir='ltr'>quaerimus,</span> <span class='ocrx_word' id='word_1_58' title='bbox 673 827 791 913; x_wconf 90' lang='lat' dir='ltr'>quibus</span> <span class='ocrx_word' id='word_1_59' title='bbox 819 827 860 891; x_wconf 93' lang='lat' dir='ltr'>de</span> <span class='ocrx_word' id='word_1_60' title='bbox 887 829 994 891; x_wconf 89' lang='lat' dir='ltr'>causis</span> <span class='ocrx_word' id='word_1_61' title='bbox 1018 827 1207 891; x_wconf 88' lang='lat' dir='ltr'>Dindorfius</span> <span class='ocrx_word' id='word_1_62' title='bbox 1235 830 1303 892; x_wconf 91' lang='lat' dir='ltr'>eius</span> <span class='ocrx_word' id='word_1_63' title='bbox 1329 828 1415 893; x_wconf 95' lang='lat' dir='ltr'>modi</span> <span class='ocrx_word' id='word_1_64' title='bbox 1442 826 1483 891; x_wconf 90' lang='lat' dir='ltr'>de</span> 
     </span>
     <span class='ocr_line' id='line_1_7' title="bbox 86 931 1482 1017; baseline 0 -21"><span class='ocrx_word' id='word_1_65' title='bbox 86 933 198 997; x_wconf 89' lang='lat' dir='ltr'>codice</span> <span class='ocrx_word' id='word_1_66' title='bbox 215 933 226 994; x_wconf 89' lang='lat' dir='ltr'>l</span> <span class='ocrx_word' id='word_1_67' title='bbox 241 932 396 996; x_wconf 91' lang='lat' dir='ltr'>iudicium</span> <span class='ocrx_word' id='word_1_68' title='bbox 411 931 535 1013; x_wconf 82' lang='lat' dir='ltr'>fecerit,</span> <span class='ocrx_word' id='word_1_69' title='bbox 553 932 701 996; x_wconf 82' lang='lat' dir='ltr'>conicere</span> <span class='ocrx_word' id='word_1_70' title='bbox 722 939 848 995; x_wconf 87' lang='lat' dir='ltr'>tantum</span> <span class='ocrx_word' id='word_1_71' title='bbox 868 954 1038 1017; x_wconf 89' lang='lat' dir='ltr'>possumus</span> <span class='ocrx_word' id='word_1_72' title='bbox 1059 954 1133 996; x_wconf 88' lang='lat' dir='ltr'>eum</span> <span class='ocrx_word' id='word_1_73' title='bbox 1147 931 1226 996; x_wconf 90' lang='lat' dir='ltr'>locis</span> <span class='ocrx_word' id='word_1_74' title='bbox 1242 942 1291 996; x_wconf 87' lang='lat' dir='ltr'>sat</span> <span class='ocrx_word' id='word_1_75' title='bbox 1306 932 1413 997; x_wconf 89' lang='lat' dir='ltr'>multis</span> <span class='ocrx_word' id='word_1_76' title='bbox 1429 931 1482 996; x_wconf 89' lang='lat' dir='ltr'>ad-</span> 
     </span>
     <span class='ocr_line' id='line_1_8' title="bbox 85 1034 1483 1122; baseline -0.001 -21"><span class='ocrx_word' id='word_1_77' title='bbox 85 1038 218 1101; x_wconf 93' lang='lat' dir='ltr'>ductum</span> <span class='ocrx_word' id='word_1_78' title='bbox 235 1059 316 1119; x_wconf 89' lang='lat' dir='ltr'>esse,</span> <span class='ocrx_word' id='word_1_79' title='bbox 329 1045 365 1100; x_wconf 94' lang='lat' dir='ltr'>ut</span> <span class='ocrx_word' id='word_1_80' title='bbox 382 1035 528 1099; x_wconf 90' lang='lat' dir='ltr'>codicem</span> <span class='ocrx_word' id='word_1_81' title='bbox 544 1034 556 1097; x_wconf 88' lang='lat' dir='ltr'>l</span> <span class='ocrx_word' id='word_1_82' title='bbox 571 1058 613 1098; x_wconf 88' lang='lat' dir='ltr'>ex</span> <span class='ocrx_word' id='word_1_83' title='bbox 628 1036 780 1099; x_wconf 92' lang='lat' dir='ltr'>codiceL</span> <span class='ocrx_word' id='word_1_84' title='bbox 795 1036 995 1121; x_wconf 87' lang='lat' dir='ltr'>descriptum</span> <span class='ocrx_word' id='word_1_85' title='bbox 1011 1059 1081 1101; x_wconf 88' lang='lat' dir='ltr'>esse</span> <span class='ocrx_word' id='word_1_86' title='bbox 1096 1037 1293 1119; x_wconf 88' lang='lat' dir='ltr'>adfirmaret,</span> <span class='ocrx_word' id='word_1_87' title='bbox 1307 1036 1424 1122; x_wconf 92' lang='lat' dir='ltr'>quibus</span> <span class='ocrx_word' id='word_1_88' title='bbox 1441 1058 1483 1100; x_wconf 85' lang='lat' dir='ltr'>ex</span> 
     </span>
     <span class='ocr_line' id='line_1_9' title="bbox 85 1139 1481 1226; baseline -0.001 -19"><span class='ocrx_word' id='word_1_89' title='bbox 85 1143 217 1207; x_wconf 82' lang='lat' dir='ltr'>Elmslei</span> <span class='ocrx_word' id='word_1_90' title='bbox 240 1142 314 1205; x_wconf 88' lang='lat' dir='ltr'>libri</span> <span class='ocrx_word' id='word_1_91' title='bbox 330 1141 341 1203; x_wconf 89' lang='grc'>1</span> <span class='ocrx_word' id='word_1_92' title='bbox 357 1139 527 1205; x_wconf 88' lang='grc'><strong>1111111111</strong></span> <span class='ocrx_word' id='word_1_93' title='bbox 547 1150 717 1226; x_wconf 90' lang='lat' dir='ltr'>utrumque</span> <span class='ocrx_word' id='word_1_94' title='bbox 740 1140 860 1205; x_wconf 87' lang='lat' dir='ltr'>librum</span> <span class='ocrx_word' id='word_1_95' title='bbox 880 1142 964 1205; x_wconf 91' lang='lat' dir='ltr'>inter</span> <span class='ocrx_word' id='word_1_96' title='bbox 987 1164 1020 1204; x_wconf 91' lang='lat' dir='ltr'>se</span> <span class='ocrx_word' id='word_1_97' title='bbox 1046 1144 1226 1206; x_wconf 90' lang='lat' dir='ltr'>consentire</span> <span class='ocrx_word' id='word_1_98' title='bbox 1246 1142 1384 1223; x_wconf 90' lang='lat' dir='ltr'>viderat,</span> <span class='ocrx_word' id='word_1_99' title='bbox 1409 1164 1481 1205; x_wconf 93' lang='lat' dir='ltr'>cum</span> 
     </span>
     <span class='ocr_line' id='line_1_10' title="bbox 85 1243 1481 1331; baseline -0.001 -21"><span class='ocrx_word' id='word_1_100' title='bbox 85 1250 199 1310; x_wconf 90' lang='lat' dir='ltr'>ceteris</span> <span class='ocrx_word' id='word_1_101' title='bbox 217 1245 383 1309; x_wconf 88' lang='lat' dir='ltr'>codicibus</span> <span class='ocrx_word' id='word_1_102' title='bbox 398 1245 502 1309; x_wconf 93' lang='lat' dir='ltr'>isdem</span> <span class='ocrx_word' id='word_1_103' title='bbox 521 1243 600 1308; x_wconf 89' lang='lat' dir='ltr'>locis</span> <span class='ocrx_word' id='word_1_104' title='bbox 620 1244 699 1309; x_wconf 90' lang='lat' dir='ltr'>alias</span> <span class='ocrx_word' id='word_1_105' title='bbox 717 1247 894 1330; x_wconf 87' lang='lat' dir='ltr'>scripturas</span> <span class='ocrx_word' id='word_1_106' title='bbox 914 1246 1064 1331; x_wconf 89' lang='lat' dir='ltr'>praeberi</span> <span class='ocrx_word' id='word_1_107' title='bbox 1080 1245 1299 1311; x_wconf 82' lang='lat' dir='ltr'>intellexisset.</span> <span class='ocrx_word' id='word_1_108' title='bbox 1332 1245 1389 1309; x_wconf 86' lang='lat' dir='ltr'>sed</span> <span class='ocrx_word' id='word_1_109' title='bbox 1404 1246 1481 1309; x_wconf 87' lang='lat' dir='ltr'>Din-</span> 
     </span>
     <span class='ocr_line' id='line_1_11' title="bbox 68 1348 1480 1435; baseline -0.001 -20"><span class='ocrx_word' id='word_1_110' title='bbox 68 1351 204 1435; x_wconf 43' lang='lat' dir='ltr'>,dorfius</span> <span class='ocrx_word' id='word_1_111' title='bbox 220 1374 259 1413; x_wconf 91' lang='lat' dir='ltr'>ea</span> <span class='ocrx_word' id='word_1_112' title='bbox 274 1358 399 1413; x_wconf 89' lang='lat' dir='ltr'>tantum</span> <span class='ocrx_word' id='word_1_113' title='bbox 414 1351 597 1435; x_wconf 83' lang='lat' dir='ltr'>respexisse</span> <span class='ocrx_word' id='word_1_114' title='bbox 609 1349 747 1435; x_wconf 84' lang='lat' dir='ltr'>videtur,</span> <span class='ocrx_word' id='word_1_115' title='bbox 764 1349 882 1434; x_wconf 85' lang='lat' dir='ltr'>quibus</span> <span class='ocrx_word' id='word_1_116' title='bbox 895 1348 1134 1414; x_wconf 88' lang='lat' dir='ltr'>Schneidewini</span> <span class='ocrx_word' id='word_1_117' title='bbox 1147 1348 1187 1413; x_wconf 92' lang='lat' dir='ltr'>de</span> <span class='ocrx_word' id='word_1_118' title='bbox 1200 1350 1322 1414; x_wconf 89' lang='lat' dir='ltr'>codicis</span> <span class='ocrx_word' id='word_1_119' title='bbox 1335 1350 1346 1412; x_wconf 87' lang='lat' dir='ltr'>l</span> <span class='ocrx_word' id='word_1_120' title='bbox 1359 1348 1480 1434; x_wconf 87' lang='lat' dir='ltr'>origine</span> 
     </span>
     <span class='ocr_line' id='line_1_12' title="bbox 84 1453 1482 1540; baseline -0.001 -21"><span class='ocrx_word' id='word_1_121' title='bbox 84 1458 274 1519; x_wconf 89' lang='lat' dir='ltr'>sententiam</span> <span class='ocrx_word' id='word_1_122' title='bbox 294 1456 477 1519; x_wconf 89' lang='lat' dir='ltr'>confirmari</span> <span class='ocrx_word' id='word_1_123' title='bbox 497 1454 643 1540; x_wconf 89' lang='lat' dir='ltr'>putabat,</span> <span class='ocrx_word' id='word_1_124' title='bbox 668 1463 780 1518; x_wconf 88' lang='lat' dir='ltr'>contra</span> <span class='ocrx_word' id='word_1_125' title='bbox 801 1476 840 1517; x_wconf 90' lang='grc'>11</span> <span class='ocrx_word' id='word_1_126' title='bbox 855 1453 1046 1538; x_wconf 85' lang='lat' dir='ltr'>neglexisse,</span> <span class='ocrx_word' id='word_1_127' title='bbox 1069 1454 1185 1540; x_wconf 90' lang='lat' dir='ltr'>quibus</span> <span class='ocrx_word' id='word_1_128' title='bbox 1202 1457 1397 1519; x_wconf 88' lang='lat' dir='ltr'>contrarium</span> <span class='ocrx_word' id='word_1_129' title='bbox 1413 1456 1482 1518; x_wconf 88' lang='lat' dir='ltr'>veri</span> 
     </span>
     <span class='ocr_line' id='line_1_13' title="bbox 83 1556 1481 1644; baseline 0 -21"><span class='ocrx_word' id='word_1_130' title='bbox 83 1561 184 1625; x_wconf 90' lang='lat' dir='ltr'>simile</span> <span class='ocrx_word' id='word_1_131' title='bbox 201 1561 245 1623; x_wconf 87' lang='lat' dir='ltr'>fit.</span> <span class='ocrx_word' id='word_1_132' title='bbox 277 1581 316 1622; x_wconf 89' lang='lat' dir='ltr'>ac</span> <span class='ocrx_word' id='word_1_133' title='bbox 336 1556 371 1622; x_wconf 82' lang='grc'>11</span> <span class='ocrx_word' id='word_1_134' title='bbox 386 1580 465 1623; x_wconf 87' lang='lat' dir='ltr'>vera</span> <span class='ocrx_word' id='word_1_135' title='bbox 480 1561 545 1624; x_wconf 88' lang='lat' dir='ltr'>iam</span> <span class='ocrx_word' id='word_1_136' title='bbox 559 1558 585 1621; x_wconf 93' lang='grc' dir='ltr'>Ι.</span> <span class='ocrx_word' id='word_1_137' title='bbox 599 1558 641 1621; x_wconf 91' lang='grc' dir='ltr'>Η.</span> <span class='ocrx_word' id='word_1_138' title='bbox 655 1559 796 1644; x_wconf 81' lang='lat' dir='ltr'>Lipsius,</span> <span class='ocrx_word' id='word_1_139' title='bbox 818 1580 1014 1643; x_wconf 88' lang='lat' dir='ltr'>quamquam</span> <span class='ocrx_word' id='word_1_140' title='bbox 1034 1562 1081 1623; x_wconf 94' lang='lat' dir='ltr'>uti</span> <span class='ocrx_word' id='word_1_141' title='bbox 1104 1559 1248 1623; x_wconf 91' lang='lat' dir='ltr'>nondum</span> <span class='ocrx_word' id='word_1_142' title='bbox 1267 1561 1371 1644; x_wconf 92' lang='lat' dir='ltr'>potuit</span> <span class='ocrx_word' id='word_1_143' title='bbox 1387 1558 1481 1623; x_wconf 88' lang='lat' dir='ltr'>colla·</span> 
     </span>
     <span class='ocr_line' id='line_1_14' title="bbox 82 1662 1480 1750; baseline -0.001 -23"><span class='ocrx_word' id='word_1_144' title='bbox 82 1669 168 1729; x_wconf 91' lang='lat' dir='ltr'>tione</span> <span class='ocrx_word' id='word_1_145' title='bbox 193 1664 314 1727; x_wconf 90' lang='lat' dir='ltr'>codicis</span> <span class='ocrx_word' id='word_1_146' title='bbox 338 1662 365 1724; x_wconf 79' lang='lat' dir='ltr'><em>L</em></span> <span class='ocrx_word' id='word_1_147' title='bbox 388 1673 554 1745; x_wconf 86' lang='lat' dir='ltr'>accurata,</span> <span class='ocrx_word' id='word_1_148' title='bbox 579 1685 663 1748; x_wconf 92' lang='lat' dir='ltr'>quae</span> <span class='ocrx_word' id='word_1_149' title='bbox 686 1673 815 1749; x_wconf 90' lang='lat' dir='ltr'>praesto</span> <span class='ocrx_word' id='word_1_150' title='bbox 839 1663 900 1728; x_wconf 89' lang='lat' dir='ltr'>fuit</span> <span class='ocrx_word' id='word_1_151' title='bbox 922 1664 1092 1728; x_wconf 90' lang='lat' dir='ltr'>Dindorfio</span> <span class='ocrx_word' id='word_1_152' title='bbox 1114 1664 1147 1727; x_wconf 92' lang='lat' dir='ltr'>in</span> <span class='ocrx_word' id='word_1_153' title='bbox 1172 1663 1340 1750; x_wconf 85' lang='lat' dir='ltr'>Sophoclis</span> <span class='ocrx_word' id='word_1_154' title='bbox 1363 1663 1480 1728; x_wconf 87' lang='lat' dir='ltr'>fabulis</span> 
     </span>
     <span class='ocr_line' id='line_1_15' title="bbox 82 1766 1480 1853; baseline 0 -22"><span class='ocrx_word' id='word_1_155' title='bbox 82 1772 210 1833; x_wconf 90' lang='lat' dir='ltr'>tertium</span> <span class='ocrx_word' id='word_1_156' title='bbox 235 1767 378 1849; x_wconf 89' lang='lat' dir='ltr'>edendis,</span> <span class='ocrx_word' id='word_1_157' title='bbox 402 1777 509 1831; x_wconf 89' lang='lat' dir='ltr'>tamen</span> <span class='ocrx_word' id='word_1_158' title='bbox 533 1770 564 1830; x_wconf 92' lang='lat' dir='ltr'>in</span> <span class='ocrx_word' id='word_1_159' title='bbox 589 1768 804 1852; x_wconf 87' lang='lat' dir='ltr'>disputatione</span> <span class='ocrx_word' id='word_1_160' title='bbox 822 1768 873 1830; x_wconf 84' lang='lat' dir='ltr'>‘de</span> <span class='ocrx_word' id='word_1_161' title='bbox 894 1766 1063 1853; x_wconf 84' lang='lat' dir='ltr'>Sophoclis</span> <span class='ocrx_word' id='word_1_162' title='bbox 1087 1767 1281 1831; x_wconf 90' lang='lat' dir='ltr'>emendandi</span> <span class='ocrx_word' id='word_1_163' title='bbox 1301 1767 1480 1853; x_wconf 85' lang='lat' dir='ltr'>praesidiis&#39;</span> 
     </span>
     <span class='ocr_line' id='line_1_16' title="bbox 81 1870 1480 1958; baseline 0 -23"><span class='ocrx_word' id='word_1_164' title='bbox 81 1874 226 1937; x_wconf 82' lang='lat' dir='ltr'>blisense</span> <span class='ocrx_word' id='word_1_165' title='bbox 239 1896 267 1935; x_wconf 90' lang='grc'>1.</span> <span class='ocrx_word' id='word_1_166' title='bbox 284 1871 367 1935; x_wconf 84' lang='grc'><strong>1860</strong></span> <span class='ocrx_word' id='word_1_167' title='bbox 380 1871 467 1935; x_wconf 90' lang='lat' dir='ltr'>edita</span> <span class='ocrx_word' id='word_1_168' title='bbox 479 1871 717 1936; x_wconf 88' lang='lat' dir='ltr'>Schneidewini</span> <span class='ocrx_word' id='word_1_169' title='bbox 730 1872 922 1936; x_wconf 89' lang='lat' dir='ltr'>sententiam</span> <span class='ocrx_word' id='word_1_170' title='bbox 934 1870 1031 1954; x_wconf 87' lang='lat' dir='ltr'>illam,</span> <span class='ocrx_word' id='word_1_171' title='bbox 1049 1893 1147 1956; x_wconf 90' lang='lat' dir='ltr'>quam</span> <span class='ocrx_word' id='word_1_172' title='bbox 1159 1872 1328 1958; x_wconf 89' lang='lat' dir='ltr'>amplexus</span> <span class='ocrx_word' id='word_1_173' title='bbox 1342 1874 1480 1937; x_wconf 83' lang='grc'><strong>11111111-</strong></span> 
     </span>
     <span class='ocr_line' id='line_1_17' title="bbox 82 1975 1481 2062; baseline -0.001 -22"><span class='ocrx_word' id='word_1_174' title='bbox 82 1977 217 2059; x_wconf 89' lang='lat' dir='ltr'>dorfius,</span> <span class='ocrx_word' id='word_1_175' title='bbox 241 1977 487 2062; x_wconf 86' lang='lat' dir='ltr'>improbandam</span> <span class='ocrx_word' id='word_1_176' title='bbox 511 1997 581 2039; x_wconf 91' lang='lat' dir='ltr'>esse</span> <span class='ocrx_word' id='word_1_177' title='bbox 612 1977 738 2039; x_wconf 91' lang='lat' dir='ltr'>censuit</span> <span class='ocrx_word' id='word_1_178' title='bbox 760 1975 858 2061; x_wconf 92' lang='lat' dir='ltr'>idque</span> <span class='ocrx_word' id='word_1_179' title='bbox 882 1977 1079 2059; x_wconf 86' lang='lat' dir='ltr'>argumentis</span> <span class='ocrx_word' id='word_1_180' title='bbox 1109 1977 1329 2042; x_wconf 87' lang='lat' dir='ltr'>demonstrare</span> <span class='ocrx_word' id='word_1_181' title='bbox 1358 1977 1481 2041; x_wconf 88' lang='lat' dir='ltr'>studuit</span> 
     </span>
     <span class='ocr_line' id='line_1_18' title="bbox 82 2082 264 2166; baseline 0.027 -5"><span class='ocrx_word' id='word_1_182' title='bbox 82 2085 125 2166; x_wconf 76' lang='lat' dir='ltr'>tr·</span> <span class='ocrx_word' id='word_1_183' title='bbox 146 2082 264 2166; x_wconf 70' lang='grc'><strong>1411)</strong></span> 
     </span>
    </p>

    <p class='ocr_par' dir='ltr' id='par_1_4' title="bbox 74 2184 1480 4128">
     <span class='ocr_line' id='line_1_19' title="bbox 184 2184 1480 2271; baseline 0.002 -24"><span class='ocrx_word' id='word_1_184' title='bbox 184 2185 372 2249; x_wconf 87' lang='lat' dir='ltr'>Dindorfius</span> <span class='ocrx_word' id='word_1_185' title='bbox 392 2186 490 2268; x_wconf 90' lang='lat' dir='ltr'>igitur</span> <span class='ocrx_word' id='word_1_186' title='bbox 511 2184 657 2247; x_wconf 91' lang='lat' dir='ltr'>codicem</span> <span class='ocrx_word' id='word_1_187' title='bbox 673 2184 684 2246; x_wconf 89' lang='grc'>1</span> <span class='ocrx_word' id='word_1_188' title='bbox 700 2204 742 2246; x_wconf 87' lang='lat' dir='ltr'>ex</span> <span class='ocrx_word' id='word_1_189' title='bbox 763 2184 876 2249; x_wconf 91' lang='lat' dir='ltr'>codice</span> <span class='ocrx_word' id='word_1_190' title='bbox 891 2184 918 2246; x_wconf 88' lang='lat' dir='ltr'><em>L</em></span> <span class='ocrx_word' id='word_1_191' title='bbox 935 2184 1134 2270; x_wconf 90' lang='lat' dir='ltr'>descriptum</span> <span class='ocrx_word' id='word_1_192' title='bbox 1155 2206 1226 2249; x_wconf 89' lang='lat' dir='ltr'>esse</span> <span class='ocrx_word' id='word_1_193' title='bbox 1247 2187 1360 2249; x_wconf 88' lang='lat' dir='ltr'>statuit</span> <span class='ocrx_word' id='word_1_194' title='bbox 1374 2207 1480 2271; x_wconf 90' lang='lat' dir='ltr'>neque</span> 
     </span>
     <span class='ocr_line' id='line_1_20' title="bbox 79 2287 1478 2371; baseline 0.001 -19"><span class='ocrx_word' id='word_1_195' title='bbox 79 2299 188 2352; x_wconf 86' lang='lat' dir='ltr'>tamen</span> <span class='ocrx_word' id='word_1_196' title='bbox 208 2290 241 2352; x_wconf 86' lang='lat' dir='ltr'>id</span> <span class='ocrx_word' id='word_1_197' title='bbox 263 2290 338 2371; x_wconf 83' lang='lat' dir='ltr'>egit,</span> <span class='ocrx_word' id='word_1_198' title='bbox 358 2297 394 2352; x_wconf 93' lang='lat' dir='ltr'>ut</span> <span class='ocrx_word' id='word_1_199' title='bbox 413 2311 483 2352; x_wconf 89' lang='lat' dir='ltr'>rem</span> <span class='ocrx_word' id='word_1_200' title='bbox 502 2290 548 2352; x_wconf 88' lang='lat' dir='ltr'>ita</span> <span class='ocrx_word' id='word_1_201' title='bbox 568 2310 602 2351; x_wconf 97' lang='grc'>11</span> <span class='ocrx_word' id='word_1_202' title='bbox 623 2287 744 2353; x_wconf 90' lang='lat' dir='ltr'>habere</span> <span class='ocrx_word' id='word_1_203' title='bbox 764 2287 940 2353; x_wconf 92' lang='lat' dir='ltr'>ullomodo</span> <span class='ocrx_word' id='word_1_204' title='bbox 957 2288 1201 2353; x_wconf 87' lang='lat' dir='ltr'>demonstraret.</span> <span class='ocrx_word' id='word_1_205' title='bbox 1233 2292 1339 2371; x_wconf 93' lang='lat' dir='ltr'>immo,</span> <span class='ocrx_word' id='word_1_206' title='bbox 1357 2312 1429 2355; x_wconf 91' lang='lat' dir='ltr'>cum</span> <span class='ocrx_word' id='word_1_207' title='bbox 1446 2293 1478 2353; x_wconf 92' lang='lat' dir='ltr'>in</span> 
     </span>
     <span class='ocr_line' id='line_1_21' title="bbox 77 2391 1479 2478; baseline 0.002 -23"><span class='ocrx_word' id='word_1_208' title='bbox 77 2394 221 2457; x_wconf 91' lang='lat' dir='ltr'>ciusdem</span> <span class='ocrx_word' id='word_1_209' title='bbox 235 2393 383 2457; x_wconf 87' lang='lat' dir='ltr'>editionis</span> <span class='ocrx_word' id='word_1_210' title='bbox 395 2392 605 2478; x_wconf 84' lang='lat' dir='ltr'>praefatione,</span> <span class='ocrx_word' id='word_1_211' title='bbox 622 2414 704 2478; x_wconf 91' lang='lat' dir='ltr'>quae</span> <span class='ocrx_word' id='word_1_212' title='bbox 717 2401 825 2457; x_wconf 88' lang='lat' dir='ltr'>exstat</span> <span class='ocrx_word' id='word_1_213' title='bbox 837 2395 870 2457; x_wconf 93' lang='lat' dir='ltr'>in</span> <span class='ocrx_word' id='word_1_214' title='bbox 883 2391 1047 2457; x_wconf 89' lang='lat' dir='ltr'>volumine</span> <span class='ocrx_word' id='word_1_215' title='bbox 1063 2402 1187 2475; x_wconf 86' lang='lat' dir='ltr'>octavo,</span> <span class='ocrx_word' id='word_1_216' title='bbox 1204 2393 1244 2457; x_wconf 94' lang='lat' dir='ltr'>de</span> <span class='ocrx_word' id='word_1_217' title='bbox 1257 2394 1359 2478; x_wconf 89' lang='lat' dir='ltr'>Lipsii</span> <span class='ocrx_word' id='word_1_218' title='bbox 1371 2393 1479 2459; x_wconf 89' lang='lat' dir='ltr'>libello</span> 
     </span>
     <span class='ocr_line' id='line_1_22' title="bbox 77 2489 1477 2585; baseline 0.001 -24"><span class='ocrx_word' id='word_1_219' title='bbox 77 2498 264 2585; x_wconf 88' lang='lat' dir='ltr'>disputaret,</span> <span class='ocrx_word' id='word_1_220' title='bbox 286 2519 383 2583; x_wconf 90' lang='lat' dir='ltr'>quem</span> <span class='ocrx_word' id='word_1_221' title='bbox 401 2489 497 2561; x_wconf 93' lang='lat' dir='ltr'>modo</span> <span class='ocrx_word' id='word_1_222' title='bbox 516 2495 650 2582; x_wconf 87' lang='lat' dir='ltr'>legerat,</span> <span class='ocrx_word' id='word_1_223' title='bbox 671 2520 735 2562; x_wconf 93' lang='lat' dir='ltr'>non</span> <span class='ocrx_word' id='word_1_224' title='bbox 756 2494 918 2561; x_wconf 87' lang='lat' dir='ltr'>dubitavit</span> <span class='ocrx_word' id='word_1_225' title='bbox 941 2497 1021 2563; x_wconf 91' lang='lat' dir='ltr'>haec</span> <span class='ocrx_word' id='word_1_226' title='bbox 1045 2500 1146 2565; x_wconf 90' lang='lat' dir='ltr'>verba</span> <span class='ocrx_word' id='word_1_227' title='bbox 1168 2500 1277 2564; x_wconf 89' lang='lat' dir='ltr'>facere</span> <span class='ocrx_word' id='word_1_228' title='bbox 1301 2498 1477 2585; x_wconf 82' lang='lat' dir='ltr'>p.*XIHI:</span> 
     </span>
     <span class='ocr_line' id='line_1_23' title="bbox 78 2602 1479 2690; baseline 0.001 -24"><span class='ocrx_word' id='word_1_229' title='bbox 78 2606 119 2666; x_wconf 84' lang='lat' dir='ltr'>‘in</span> <span class='ocrx_word' id='word_1_230' title='bbox 133 2603 256 2687; x_wconf 87' lang='lat' dir='ltr'>reliqua</span> <span class='ocrx_word' id='word_1_231' title='bbox 268 2602 500 2667; x_wconf 89' lang='lat' dir='ltr'>dissertationis</span> <span class='ocrx_word' id='word_1_232' title='bbox 512 2611 606 2688; x_wconf 87' lang='lat' dir='ltr'>parte</span> <span class='ocrx_word' id='word_1_233' title='bbox 618 2603 748 2687; x_wconf 89' lang='lat' dir='ltr'>Lipsius</span> <span class='ocrx_word' id='word_1_234' title='bbox 760 2603 855 2689; x_wconf 91' lang='lat' dir='ltr'>plura</span> <span class='ocrx_word' id='word_1_235' title='bbox 867 2603 908 2667; x_wconf 91' lang='lat' dir='ltr'>de</span> <span class='ocrx_word' id='word_1_236' title='bbox 920 2603 990 2668; x_wconf 89' lang='lat' dir='ltr'>aliis</span> <span class='ocrx_word' id='word_1_237' title='bbox 1006 2605 1089 2669; x_wconf 89' lang='lat' dir='ltr'>dixit</span> <span class='ocrx_word' id='word_1_238' title='bbox 1104 2604 1309 2690; x_wconf 88' lang='lat' dir='ltr'>apographis,</span> <span class='ocrx_word' id='word_1_239' title='bbox 1326 2626 1410 2689; x_wconf 88' lang='lat' dir='ltr'>quae</span> <span class='ocrx_word' id='word_1_240' title='bbox 1426 2603 1479 2667; x_wconf 92' lang='lat' dir='ltr'>vel</span> 
     </span>
     <span class='ocr_line' id='line_1_24' title="bbox 78 2694 1478 2794; baseline 0.001 -25"><span class='ocrx_word' id='word_1_241' title='bbox 78 2730 119 2771; x_wconf 89' lang='lat' dir='ltr'>ex</span> <span class='ocrx_word' id='word_1_242' title='bbox 136 2708 246 2770; x_wconf 84' lang='lat' dir='ltr'>codice</span> <span class='ocrx_word' id='word_1_243' title='bbox 263 2708 483 2770; x_wconf 89' lang='lat' dir='ltr'>Laurentiano</span> <span class='ocrx_word' id='word_1_244' title='bbox 499 2705 552 2770; x_wconf 89' lang='lat' dir='ltr'>vel</span> <span class='ocrx_word' id='word_1_245' title='bbox 568 2705 697 2771; x_wconf 89' lang='lat' dir='ltr'>aliunde</span> <span class='ocrx_word' id='word_1_246' title='bbox 714 2708 861 2773; x_wconf 87' lang='lat' dir='ltr'>derivata</span> <span class='ocrx_word' id='word_1_247' title='bbox 881 2694 952 2772; x_wconf 88' lang='lat' dir='ltr'>esse</span> <span class='ocrx_word' id='word_1_248' title='bbox 968 2717 1070 2794; x_wconf 87' lang='lat' dir='ltr'>putat,</span> <span class='ocrx_word' id='word_1_249' title='bbox 1091 2708 1180 2773; x_wconf 89' lang='lat' dir='ltr'>velut</span> <span class='ocrx_word' id='word_1_250' title='bbox 1195 2709 1415 2773; x_wconf 88' lang='lat' dir='ltr'>Laurentiano</span> <span class='ocrx_word' id='word_1_251' title='bbox 1431 2730 1478 2772; x_wconf 90' lang='lat' dir='ltr'>re·</span> 
     </span>
     <span class='ocr_line' id='line_1_25' title="bbox 77 2811 1477 2900; baseline 0.002 -26"><span class='ocrx_word' id='word_1_252' title='bbox 77 2814 217 2875; x_wconf 89' lang='lat' dir='ltr'>centiorc</span> <span class='ocrx_word' id='word_1_253' title='bbox 235 2812 323 2895; x_wconf 80' lang='lat' dir='ltr'>(Lo),</span> <span class='ocrx_word' id='word_1_254' title='bbox 348 2811 388 2875; x_wconf 89' lang='lat' dir='ltr'>de</span> <span class='ocrx_word' id='word_1_255' title='bbox 408 2834 471 2897; x_wconf 93' lang='lat' dir='ltr'>quo</span> <span class='ocrx_word' id='word_1_256' title='bbox 487 2812 704 2877; x_wconf 90' lang='lat' dir='ltr'>dubitationes</span> <span class='ocrx_word' id='word_1_257' title='bbox 721 2813 879 2898; x_wconf 86' lang='lat' dir='ltr'>quasdam</span> <span class='ocrx_word' id='word_1_258' title='bbox 894 2814 996 2877; x_wconf 90' lang='lat' dir='ltr'>movit</span> <span class='ocrx_word' id='word_1_259' title='bbox 1011 2813 1052 2877; x_wconf 87' lang='lat' dir='ltr'>ab</span> <span class='ocrx_word' id='word_1_260' title='bbox 1069 2835 1121 2876; x_wconf 92' lang='lat' dir='ltr'>me</span> <span class='ocrx_word' id='word_1_261' title='bbox 1143 2836 1270 2899; x_wconf 92' lang='lat' dir='ltr'>quoque</span> <span class='ocrx_word' id='word_1_262' title='bbox 1290 2836 1477 2900; x_wconf 85' lang='lat' dir='ltr'>perpensas,</span> 
     </span>
     <span class='ocr_line' id='line_1_26' title="bbox 78 2915 1477 3003; baseline 0 -24"><span class='ocrx_word' id='word_1_263' title='bbox 78 2940 151 2980; x_wconf 92' lang='lat' dir='ltr'>cum</span> <span class='ocrx_word' id='word_1_264' title='bbox 167 2915 285 2979; x_wconf 90' lang='lat' dir='ltr'>librum</span> <span class='ocrx_word' id='word_1_265' title='bbox 301 2915 391 2980; x_wconf 92' lang='lat' dir='ltr'>illum</span> <span class='ocrx_word' id='word_1_266' title='bbox 407 2939 449 2980; x_wconf 91' lang='lat' dir='ltr'>ex</span> <span class='ocrx_word' id='word_1_267' title='bbox 464 2918 535 3002; x_wconf 90' lang='lat' dir='ltr'>ipso</span> <span class='ocrx_word' id='word_1_268' title='bbox 548 2916 769 2981; x_wconf 89' lang='lat' dir='ltr'>Laurentiano</span> <span class='ocrx_word' id='word_1_269' title='bbox 782 2927 891 2982; x_wconf 87' lang='lat' dir='ltr'>vetere</span> <span class='ocrx_word' id='word_1_270' title='bbox 905 2918 1103 3003; x_wconf 89' lang='lat' dir='ltr'>descriptum</span> <span class='ocrx_word' id='word_1_271' title='bbox 1115 2920 1174 2981; x_wconf 88' lang='lat' dir='ltr'>etsi</span> <span class='ocrx_word' id='word_1_272' title='bbox 1186 2941 1249 2982; x_wconf 93' lang='lat' dir='ltr'>non</span> <span class='ocrx_word' id='word_1_273' title='bbox 1261 2942 1334 2983; x_wconf 89' lang='lat' dir='ltr'>raro</span> <span class='ocrx_word' id='word_1_274' title='bbox 1346 2915 1477 2983; x_wconf 87' lang='lat' dir='ltr'>aliunde</span> 
     </span>
     <span class='ocr_line' id='line_1_27' title="bbox 76 3021 1476 3108; baseline 0.002 -25"><span class='ocrx_word' id='word_1_275' title='bbox 76 3021 303 3106; x_wconf 89' lang='lat' dir='ltr'>interpolatum</span> <span class='ocrx_word' id='word_1_276' title='bbox 327 3043 396 3084; x_wconf 89' lang='lat' dir='ltr'>esse</span> <span class='ocrx_word' id='word_1_277' title='bbox 421 3022 579 3086; x_wconf 87' lang='lat' dir='ltr'>dicerem:</span> <span class='ocrx_word' id='word_1_278' title='bbox 603 3022 644 3085; x_wconf 92' lang='lat' dir='ltr'>de</span> <span class='ocrx_word' id='word_1_279' title='bbox 668 3022 785 3106; x_wconf 90' lang='lat' dir='ltr'>quibus</span> <span class='ocrx_word' id='word_1_280' title='bbox 806 3021 1048 3108; x_wconf 88' lang='lat' dir='ltr'>exemplaribus</span> <span class='ocrx_word' id='word_1_281' title='bbox 1068 3021 1212 3107; x_wconf 89' lang='lat' dir='ltr'>aliisque,</span> <span class='ocrx_word' id='word_1_282' title='bbox 1234 3044 1317 3108; x_wconf 90' lang='lat' dir='ltr'>quae</span> <span class='ocrx_word' id='word_1_283' title='bbox 1339 3022 1476 3087; x_wconf 88' lang='lat' dir='ltr'>editores</span> 
     </span>
     <span class='ocr_line' id='line_1_28' title="bbox 78 3124 1476 3212; baseline 0.001 -24"><span class='ocrx_word' id='word_1_284' title='bbox 78 3126 221 3189; x_wconf 90' lang='lat' dir='ltr'>nondum</span> <span class='ocrx_word' id='word_1_285' title='bbox 237 3135 460 3207; x_wconf 85' lang='lat' dir='ltr'>excusserunt,</span> <span class='ocrx_word' id='word_1_286' title='bbox 484 3148 544 3209; x_wconf 85' lang='lat' dir='ltr'>ego</span> <span class='ocrx_word' id='word_1_287' title='bbox 560 3124 700 3212; x_wconf 88' lang='lat' dir='ltr'>plurima</span> <span class='ocrx_word' id='word_1_288' title='bbox 718 3128 788 3212; x_wconf 90' lang='lat' dir='ltr'>ipse</span> <span class='ocrx_word' id='word_1_289' title='bbox 805 3125 926 3190; x_wconf 87' lang='lat' dir='ltr'>addere</span> <span class='ocrx_word' id='word_1_290' title='bbox 942 3148 1079 3212; x_wconf 89' lang='lat' dir='ltr'>possem,</span> <span class='ocrx_word' id='word_1_291' title='bbox 1097 3128 1124 3191; x_wconf 89' lang='lat' dir='ltr'>si</span> <span class='ocrx_word' id='word_1_292' title='bbox 1140 3149 1258 3212; x_wconf 90' lang='lat' dir='ltr'>operae</span> <span class='ocrx_word' id='word_1_293' title='bbox 1274 3131 1415 3212; x_wconf 92' lang='lat' dir='ltr'>pretium</span> <span class='ocrx_word' id='word_1_294' title='bbox 1430 3130 1476 3191; x_wconf 89' lang='lat' dir='ltr'>vi-</span> 
     </span>
     <span class='ocr_line' id='line_1_29' title="bbox 76 3229 1476 3318; baseline 0.004 -26"><span class='ocrx_word' id='word_1_295' title='bbox 76 3229 209 3293; x_wconf 91' lang='lat' dir='ltr'>deretur</span> <span class='ocrx_word' id='word_1_296' title='bbox 225 3230 344 3295; x_wconf 91' lang='lat' dir='ltr'>diutius</span> <span class='ocrx_word' id='word_1_297' title='bbox 356 3232 521 3295; x_wconf 88' lang='lat' dir='ltr'>immorari</span> <span class='ocrx_word' id='word_1_298' title='bbox 536 3229 703 3294; x_wconf 88' lang='lat' dir='ltr'>inutilibus</span> <span class='ocrx_word' id='word_1_299' title='bbox 715 3230 764 3294; x_wconf 88' lang='lat' dir='ltr'>his</span> <span class='ocrx_word' id='word_1_300' title='bbox 776 3231 1040 3314; x_wconf 86' lang='lat' dir='ltr'>quaestiunculis,</span> <span class='ocrx_word' id='word_1_301' title='bbox 1054 3239 1100 3295; x_wconf 87' lang='lat' dir='ltr'>&#39;ex</span> <span class='ocrx_word' id='word_1_302' title='bbox 1111 3231 1230 3317; x_wconf 88' lang='lat' dir='ltr'>quibus</span> <span class='ocrx_word' id='word_1_303' title='bbox 1242 3229 1321 3296; x_wconf 89' lang='lat' dir='ltr'>nihil</span> <span class='ocrx_word' id='word_1_304' title='bbox 1333 3254 1476 3318; x_wconf 91' lang='lat' dir='ltr'>unquam</span> 
     </span>
     <span class='ocr_line' id='line_1_30' title="bbox 75 3320 1476 3423; baseline 0.003 -26"><span class='ocrx_word' id='word_1_305' title='bbox 75 3335 220 3398; x_wconf 88' lang='lat' dir='ltr'>utilitatis</span> <span class='ocrx_word' id='word_1_306' title='bbox 236 3336 278 3398; x_wconf 89' lang='lat' dir='ltr'>ad</span> <span class='ocrx_word' id='word_1_307' title='bbox 291 3334 459 3421; x_wconf 84' lang='lat' dir='ltr'>Sophoclis</span> <span class='ocrx_word' id='word_1_308' title='bbox 471 3320 655 3419; x_wconf 85' lang='lat' dir='ltr'>tragoedias</span> <span class='ocrx_word' id='word_1_309' title='bbox 668 3334 890 3399; x_wconf 89' lang='lat' dir='ltr'>emendandas</span> <span class='ocrx_word' id='word_1_310' title='bbox 905 3334 1123 3401; x_wconf 87' lang='lat' dir='ltr'>redundabit’.</span> <span class='ocrx_word' id='word_1_311' title='bbox 1151 3345 1183 3399; x_wconf 91' lang='lat' dir='ltr'>et</span> <span class='ocrx_word' id='word_1_312' title='bbox 1193 3336 1291 3421; x_wconf 91' lang='lat' dir='ltr'>paulo</span> <span class='ocrx_word' id='word_1_313' title='bbox 1302 3345 1384 3423; x_wconf 87' lang='lat' dir='ltr'>post,</span> <span class='ocrx_word' id='word_1_314' title='bbox 1402 3360 1476 3401; x_wconf 92' lang='lat' dir='ltr'>cum</span> 
     </span>
     <span class='ocr_line' id='line_1_31' title="bbox 76 3438 1475 3524; baseline 0.002 -23"><span class='ocrx_word' id='word_1_315' title='bbox 76 3460 204 3502; x_wconf 88' lang='lat' dir='ltr'>omnem</span> <span class='ocrx_word' id='word_1_316' title='bbox 228 3439 268 3501; x_wconf 90' lang='lat' dir='ltr'>dc</span> <span class='ocrx_word' id='word_1_317' title='bbox 292 3441 426 3521; x_wconf 87' lang='lat' dir='ltr'>ratione,</span> <span class='ocrx_word' id='word_1_318' title='bbox 452 3461 535 3524; x_wconf 90' lang='lat' dir='ltr'>quae</span> <span class='ocrx_word' id='word_1_319' title='bbox 558 3441 644 3503; x_wconf 87' lang='lat' dir='ltr'>inter</span> <span class='ocrx_word' id='word_1_320' title='bbox 667 3438 809 3523; x_wconf 88' lang='lat' dir='ltr'>singulos</span> <span class='ocrx_word' id='word_1_321' title='bbox 832 3438 932 3503; x_wconf 94' lang='lat' dir='ltr'>libros</span> <span class='ocrx_word' id='word_1_322' title='bbox 955 3440 1135 3522; x_wconf 92' lang='lat' dir='ltr'>intercedit,</span> <span class='ocrx_word' id='word_1_323' title='bbox 1160 3442 1414 3505; x_wconf 87' lang='lat' dir='ltr'>controversiam</span> <span class='ocrx_word' id='word_1_324' title='bbox 1433 3441 1475 3504; x_wconf 90' lang='lat' dir='ltr'>ad</span> 
     </span>
     <span class='ocr_line' id='line_1_32' title="bbox 75 3542 1474 3631; baseline 0.004 -27"><span class='ocrx_word' id='word_1_325' title='bbox 75 3544 278 3606; x_wconf 87' lang='lat' dir='ltr'>minimorum</span> <span class='ocrx_word' id='word_1_326' title='bbox 294 3545 444 3608; x_wconf 90' lang='lat' dir='ltr'>vitiorum</span> <span class='ocrx_word' id='word_1_327' title='bbox 460 3545 675 3607; x_wconf 90' lang='lat' dir='ltr'>correctiones</span> <span class='ocrx_word' id='word_1_328' title='bbox 691 3546 852 3629; x_wconf 90' lang='lat' dir='ltr'>pertinere</span> <span class='ocrx_word' id='word_1_329' title='bbox 870 3545 1043 3627; x_wconf 89' lang='lat' dir='ltr'>statuisset,</span> <span class='ocrx_word' id='word_1_330' title='bbox 1059 3544 1141 3609; x_wconf 91' lang='lat' dir='ltr'>haec</span> <span class='ocrx_word' id='word_1_331' title='bbox 1156 3542 1283 3609; x_wconf 88' lang='lat' dir='ltr'>addidit</span> <span class='ocrx_word' id='word_1_332' title='bbox 1298 3544 1344 3631; x_wconf 89' lang='lat' dir='ltr'>(p.</span> <span class='ocrx_word' id='word_1_333' title='bbox 1359 3544 1474 3631; x_wconf 85' lang='lat' dir='ltr'><strong>*XV):</strong></span> 
     </span>
     <span class='ocr_line' id='line_1_33' title="bbox 76 3647 1474 3733; baseline 0.004 -25"><span class='ocrx_word' id='word_1_334' title='bbox 76 3647 194 3731; x_wconf 78' lang='lat' dir='ltr'>‘itaque</span> <span class='ocrx_word' id='word_1_335' title='bbox 211 3648 389 3731; x_wconf 86' lang='lat' dir='ltr'>optandum</span> <span class='ocrx_word' id='word_1_336' title='bbox 405 3657 463 3728; x_wconf 91' lang='lat' dir='ltr'>est,</span> <span class='ocrx_word' id='word_1_337' title='bbox 487 3670 528 3712; x_wconf 92' lang='lat' dir='ltr'>ne</span> <span class='ocrx_word' id='word_1_338' title='bbox 552 3650 607 3733; x_wconf 91' lang='lat' dir='ltr'>qui</span> <span class='ocrx_word' id='word_1_339' title='bbox 624 3648 766 3732; x_wconf 92' lang='lat' dir='ltr'>dubiam,</span> <span class='ocrx_word' id='word_1_340' title='bbox 791 3669 875 3733; x_wconf 89' lang='lat' dir='ltr'>quae</span> <span class='ocrx_word' id='word_1_341' title='bbox 899 3649 977 3733; x_wconf 91' lang='lat' dir='ltr'>ipsis</span> <span class='ocrx_word' id='word_1_342' title='bbox 997 3648 1157 3731; x_wconf 84' lang='lat' dir='ltr'>videatur,</span> <span class='ocrx_word' id='word_1_343' title='bbox 1175 3649 1325 3713; x_wconf 92' lang='lat' dir='ltr'>codicum</span> <span class='ocrx_word' id='word_1_344' title='bbox 1340 3650 1424 3713; x_wconf 87' lang='lat' dir='ltr'>inter</span> <span class='ocrx_word' id='word_1_345' title='bbox 1440 3672 1474 3713; x_wconf 91' lang='grc'>11</span> 
     </span>
     <span class='ocr_line' id='line_1_34' title="bbox 76 3751 1474 3839; baseline 0.003 -26"><span class='ocrx_word' id='word_1_346' title='bbox 76 3753 233 3814; x_wconf 87' lang='lat' dir='ltr'>rationem</span> <span class='ocrx_word' id='word_1_347' title='bbox 248 3760 476 3836; x_wconf 86' lang='lat' dir='ltr'>praetexentes</span> <span class='ocrx_word' id='word_1_348' title='bbox 496 3751 634 3817; x_wconf 88' lang='lat' dir='ltr'>futtilem</span> <span class='ocrx_word' id='word_1_349' title='bbox 654 3751 742 3820; x_wconf 90' lang='lat' dir='ltr'>illam</span> <span class='ocrx_word' id='word_1_350' title='bbox 762 3752 912 3816; x_wconf 77' lang='grc'><strong>1111111111</strong></span> <span class='ocrx_word' id='word_1_351' title='bbox 933 3754 1112 3839; x_wconf 90' lang='lat' dir='ltr'>scripturae</span> <span class='ocrx_word' id='word_1_352' title='bbox 1132 3754 1327 3837; x_wconf 85' lang='lat' dir='ltr'>farraginem</span> <span class='ocrx_word' id='word_1_353' title='bbox 1343 3776 1385 3817; x_wconf 84' lang='lat' dir='ltr'>ex</span> <span class='ocrx_word' id='word_1_354' title='bbox 1400 3775 1474 3839; x_wconf 89' lang='lat' dir='ltr'>apo-</span> 
     </span>
     <span class='ocr_line' id='line_1_35' title="bbox 75 3856 1474 3943; baseline 0.003 -25"><span class='ocrx_word' id='word_1_355' title='bbox 75 3856 207 3940; x_wconf 87' lang='lat' dir='ltr'>graphis</span> <span class='ocrx_word' id='word_1_356' title='bbox 224 3857 299 3918; x_wconf 91' lang='lat' dir='ltr'>olim</span> <span class='ocrx_word' id='word_1_357' title='bbox 316 3856 494 3938; x_wconf 87' lang='lat' dir='ltr'>collectam,</span> <span class='ocrx_word' id='word_1_358' title='bbox 511 3877 609 3941; x_wconf 87' lang='lat' dir='ltr'>quam</span> <span class='ocrx_word' id='word_1_359' title='bbox 624 3879 684 3941; x_wconf 88' lang='lat' dir='ltr'>ego</span> <span class='ocrx_word' id='word_1_360' title='bbox 700 3856 816 3940; x_wconf 88' lang='lat' dir='ltr'>abieci,</span> <span class='ocrx_word' id='word_1_361' title='bbox 838 3857 944 3921; x_wconf 92' lang='lat' dir='ltr'>denuo</span> <span class='ocrx_word' id='word_1_362' title='bbox 964 3857 1156 3941; x_wconf 90' lang='lat' dir='ltr'>producant,</span> <span class='ocrx_word' id='word_1_363' title='bbox 1178 3858 1265 3943; x_wconf 92' lang='lat' dir='ltr'>quod</span> <span class='ocrx_word' id='word_1_364' title='bbox 1285 3880 1349 3921; x_wconf 90' lang='lat' dir='ltr'>non</span> <span class='ocrx_word' id='word_1_365' title='bbox 1368 3859 1474 3922; x_wconf 89' lang='lat' dir='ltr'>minus</span> 
     </span>
     <span class='ocr_line' id='line_1_36' title="bbox 74 3959 1474 4048; baseline 0.004 -28"><span class='ocrx_word' id='word_1_366' title='bbox 74 3959 187 4022; x_wconf 91' lang='lat' dir='ltr'>inutile</span> <span class='ocrx_word' id='word_1_367' title='bbox 208 3971 266 4041; x_wconf 85' lang='lat' dir='ltr'>est,</span> <span class='ocrx_word' id='word_1_368' title='bbox 288 3983 385 4046; x_wconf 91' lang='lat' dir='ltr'>quam</span> <span class='ocrx_word' id='word_1_369' title='bbox 408 3982 491 4045; x_wconf 91' lang='lat' dir='ltr'>quae</span> <span class='ocrx_word' id='word_1_370' title='bbox 515 3964 660 4047; x_wconf 88' lang='lat' dir='ltr'>priorum</span> <span class='ocrx_word' id='word_1_371' title='bbox 679 3970 862 4046; x_wconf 91' lang='lat' dir='ltr'>temporum</span> <span class='ocrx_word' id='word_1_372' title='bbox 882 3961 1022 4025; x_wconf 89' lang='lat' dir='ltr'>editores</span> <span class='ocrx_word' id='word_1_373' title='bbox 1042 3970 1221 4048; x_wconf 89' lang='lat' dir='ltr'>peccarunt</span> <span class='ocrx_word' id='word_1_374' title='bbox 1243 3982 1422 4027; x_wconf 91' lang='lat' dir='ltr'>memorare</span> <span class='ocrx_word' id='word_1_375' title='bbox 1442 3973 1474 4026; x_wconf 91' lang='lat' dir='ltr'>et</span> 
     </span>
     <span class='ocr_line' id='line_1_37' title="bbox 74 4064 237 4128; baseline 0.012 -2"><span class='ocrx_word' id='word_1_376' title='bbox 74 4064 237 4128; x_wconf 86' lang='lat' dir='ltr'>refutare’.</span> 
     </span>
    </p>

    <p class='ocr_par' dir='ltr' id='par_1_5' title="bbox 73 4158 1474 4671">
     <span class='ocr_line' id='line_1_38' title="bbox 177 4158 1469 4257; baseline 0.003 -26"><span class='ocrx_word' id='word_1_377' title='bbox 177 4168 270 4231; x_wconf 90' lang='lat' dir='ltr'>Haec</span> <span class='ocrx_word' id='word_1_378' title='bbox 286 4178 395 4233; x_wconf 88' lang='lat' dir='ltr'>autem</span> <span class='ocrx_word' id='word_1_379' title='bbox 411 4168 573 4233; x_wconf 90' lang='lat' dir='ltr'>Dindorfii</span> <span class='ocrx_word' id='word_1_380' title='bbox 594 4171 754 4234; x_wconf 90' lang='lat' dir='ltr'>sententia</span> <span class='ocrx_word' id='word_1_381' title='bbox 773 4170 852 4234; x_wconf 91' lang='lat' dir='ltr'>mihi</span> <span class='ocrx_word' id='word_1_382' title='bbox 868 4158 996 4234; x_wconf 91' lang='lat' dir='ltr'>omnino</span> <span class='ocrx_word' id='word_1_383' title='bbox 1013 4170 1229 4257; x_wconf 90' lang='lat' dir='ltr'>improbanda</span> <span class='ocrx_word' id='word_1_384' title='bbox 1244 4193 1314 4235; x_wconf 89' lang='lat' dir='ltr'>esse</span> <span class='ocrx_word' id='word_1_385' title='bbox 1330 4172 1469 4237; x_wconf 87' lang='lat' dir='ltr'>videtur.</span> 
     </span>
     <span class='ocr_line' id='line_1_39' title="bbox 74 4272 1472 4361; baseline 0.003 -24"><span class='ocrx_word' id='word_1_386' title='bbox 74 4295 113 4337; x_wconf 91' lang='lat' dir='ltr'>ac</span> <span class='ocrx_word' id='word_1_387' title='bbox 129 4274 228 4336; x_wconf 87' lang='lat' dir='ltr'>miror</span> <span class='ocrx_word' id='word_1_388' title='bbox 243 4295 321 4335; x_wconf 84' lang='lat' dir='ltr'>sane</span> <span class='ocrx_word' id='word_1_389' title='bbox 336 4273 414 4338; x_wconf 92' lang='lat' dir='ltr'>talia</span> <span class='ocrx_word' id='word_1_390' title='bbox 428 4276 535 4337; x_wconf 89' lang='lat' dir='ltr'>virum</span> <span class='ocrx_word' id='word_1_391' title='bbox 551 4272 683 4338; x_wconf 91' lang='lat' dir='ltr'>doctum</span> <span class='ocrx_word' id='word_1_392' title='bbox 697 4273 878 4359; x_wconf 89' lang='lat' dir='ltr'>protulisse.</span> <span class='ocrx_word' id='word_1_393' title='bbox 906 4296 1013 4339; x_wconf 91' lang='lat' dir='ltr'>nonne</span> <span class='ocrx_word' id='word_1_394' title='bbox 1029 4278 1114 4339; x_wconf 90' lang='lat' dir='ltr'>enim</span> <span class='ocrx_word' id='word_1_395' title='bbox 1130 4276 1200 4360; x_wconf 92' lang='lat' dir='ltr'>ipse</span> <span class='ocrx_word' id='word_1_396' title='bbox 1216 4275 1403 4361; x_wconf 85' lang='lat' dir='ltr'>intellegere</span> <span class='ocrx_word' id='word_1_397' title='bbox 1420 4277 1472 4341; x_wconf 92' lang='lat' dir='ltr'>de·</span> 
     </span>
     <span class='ocr_line' id='line_1_40' title="bbox 74 4376 1474 4465; baseline 0.004 -25"><span class='ocrx_word' id='word_1_398' title='bbox 74 4377 174 4441; x_wconf 88' lang='lat' dir='ltr'>bebat</span> <span class='ocrx_word' id='word_1_399' title='bbox 190 4400 224 4440; x_wconf 91' lang='lat' dir='ltr'>se</span> <span class='ocrx_word' id='word_1_400' title='bbox 239 4376 292 4440; x_wconf 85' lang='lat' dir='ltr'>vel</span> <span class='ocrx_word' id='word_1_401' title='bbox 309 4388 481 4463; x_wconf 91' lang='lat' dir='ltr'>propterea</span> <span class='ocrx_word' id='word_1_402' title='bbox 501 4401 566 4442; x_wconf 92' lang='lat' dir='ltr'>non</span> <span class='ocrx_word' id='word_1_403' title='bbox 587 4380 633 4441; x_wconf 88' lang='lat' dir='ltr'>ita</span> <span class='ocrx_word' id='word_1_404' title='bbox 647 4378 792 4443; x_wconf 91' lang='lat' dir='ltr'>iudicare</span> <span class='ocrx_word' id='word_1_405' title='bbox 809 4402 902 4465; x_wconf 91' lang='lat' dir='ltr'>posse</span> <span class='ocrx_word' id='word_1_406' title='bbox 919 4379 959 4443; x_wconf 92' lang='lat' dir='ltr'>de</span> <span class='ocrx_word' id='word_1_407' title='bbox 975 4381 1108 4462; x_wconf 85' lang='lat' dir='ltr'>ratione,</span> <span class='ocrx_word' id='word_1_408' title='bbox 1130 4401 1214 4465; x_wconf 91' lang='lat' dir='ltr'>quae</span> <span class='ocrx_word' id='word_1_409' title='bbox 1231 4388 1280 4445; x_wconf 91' lang='lat' dir='ltr'>est</span> <span class='ocrx_word' id='word_1_410' title='bbox 1299 4381 1424 4445; x_wconf 73' lang='lat' dir='ltr'>interl]</span> <span class='ocrx_word' id='word_1_411' title='bbox 1441 4392 1474 4445; x_wconf 92' lang='lat' dir='ltr'>et</span> 
     </span>
     <span class='ocr_line' id='line_1_41' title="bbox 75 4481 1472 4569; baseline 0.004 -26"><span class='ocrx_word' id='word_1_412' title='bbox 75 4491 198 4545; x_wconf 88' lang='lat' dir='ltr'>ceteros</span> <span class='ocrx_word' id='word_1_413' title='bbox 215 4482 383 4565; x_wconf 91' lang='lat' dir='ltr'>Sophoclis</span> <span class='ocrx_word' id='word_1_414' title='bbox 399 4481 508 4565; x_wconf 87' lang='lat' dir='ltr'>libros,</span> <span class='ocrx_word' id='word_1_415' title='bbox 532 4492 567 4545; x_wconf 92' lang='lat' dir='ltr'>ut</span> <span class='ocrx_word' id='word_1_416' title='bbox 590 4504 701 4547; x_wconf 88' lang='lat' dir='ltr'>omnes</span> <span class='ocrx_word' id='word_1_417' title='bbox 725 4484 947 4569; x_wconf 90' lang='lat' dir='ltr'>quaestionem</span> <span class='ocrx_word' id='word_1_418' title='bbox 971 4485 1039 4547; x_wconf 89' lang='lat' dir='ltr'>eius</span> <span class='ocrx_word' id='word_1_419' title='bbox 1059 4484 1178 4549; x_wconf 90' lang='lat' dir='ltr'>iudicio</span> <span class='ocrx_word' id='word_1_420' title='bbox 1198 4484 1380 4551; x_wconf 88' lang='lat' dir='ltr'>absolutam</span> <span class='ocrx_word' id='word_1_421' title='bbox 1400 4508 1472 4552; x_wconf 90' lang='lat' dir='ltr'>esse</span> 
     </span>
     <span class='ocr_line' id='line_1_42' title="bbox 73 4586 1473 4671; baseline 0.007 -24"><span class='ocrx_word' id='word_1_422' title='bbox 73 4595 234 4670; x_wconf 85' lang='lat' dir='ltr'>putarent,</span> <span class='ocrx_word' id='word_1_423' title='bbox 252 4586 337 4669; x_wconf 85' lang='lat' dir='ltr'>quod</span> <span class='ocrx_word' id='word_1_424' title='bbox 351 4609 450 4650; x_wconf 93' lang='lat' dir='ltr'>unum</span> <span class='ocrx_word' id='word_1_425' title='bbox 466 4586 492 4647; x_wconf 89' lang='lat' dir='ltr'>L</span> <span class='ocrx_word' id='word_1_426' title='bbox 509 4595 635 4651; x_wconf 91' lang='lat' dir='ltr'>tantum</span> <span class='ocrx_word' id='word_1_427' title='bbox 655 4590 839 4652; x_wconf 89' lang='lat' dir='ltr'>accuratius</span> <span class='ocrx_word' id='word_1_428' title='bbox 855 4587 1006 4652; x_wconf 90' lang='lat' dir='ltr'>collatum</span> <span class='ocrx_word' id='word_1_429' title='bbox 1021 4588 1144 4671; x_wconf 85' lang='lat' dir='ltr'>habuit,</span> <span class='ocrx_word' id='word_1_430' title='bbox 1167 4600 1347 4655; x_wconf 89' lang='lat' dir='ltr'>ceterorum</span> <span class='ocrx_word' id='word_1_431' title='bbox 1364 4600 1473 4657; x_wconf 90' lang='lat' dir='ltr'>autem</span> 
     </span>
    </p>
   </div>
   <div class='ocr_carea' id='block_1_3' title="bbox 0 0 1618 5092">
    <p class='ocr_par' dir='ltr' id='par_1_6' title="bbox 0 0 1618 5092">
     <span class='ocr_line' id='line_1_43' title="bbox 0 0 1618 5092; baseline 0 4"><span class='ocrx_word' id='word_1_432' title='bbox 0 0 1618 5092; x_wconf 95' lang='lat' dir='ltr'> </span> 
     </span>
    </p>
   </div>
  </div>
 </body>
</html>
