3225 5092
24 979 26 1044 l

24 1047 25 1106 l

24 2921 26 2934 .
88 2834 266 2916 grediamur.
301 2838 389 2903 haud
408 2840 524 2903 iniuria
544 2839 630 2903 hunc
650 2838 828 2903 ablativum
847 2837 991 2902 nonnulli
1012 2837 1225 2921 grammatici,
1245 2835 1346 2900 veluti
1368 2837 1483 2901 Drae·'

24 3099 26 3136 ,
88 3042 222 3124 plectitur
241 3046 341 3124 locos,
367 3047 483 3132 quibus
504 3069 612 3130 causa,
634 3069 697 3132 qua
717 3049 800 3112 actio
821 3055 982 3128 movetur,
1006 3049 1040 3111 in
1060 3047 1166 3111 animo
1187 3045 1325 3110 subiecti
1344 3047 1469 3129 agentis
1527 3073 1531 3125 s
1589 3036 1590 3057 ’

24 3155 25 3194 l
89 3147 136 3212 sia
153 3159 207 3235 est,
228 3150 367 3216 alterum
387 3173 451 3236 eos,
473 3151 589 3237 quibus
610 3161 702 3216 extra
723 3151 906 3216 subiectum
926 3153 1030 3238 posita
1050 3159 1099 3215 001
1119 3149 1339 3227 0000011010
1360 3160 1469 3215 autem

24 3255 26 3332 ξ
89 3256 275 3333 partitionem
291 3265 378 3320 10010
400 3278 433 3320 00
453 3256 573 3321 habere
592 3258 656 3321 iam
676 3279 694 3319 e
715 3257 849 3339 ratione,
874 3279 938 3342 qua
957 3279 1017 3342 per
1037 3255 1179 3341 singulas
1200 3255 1329 3339 linguae
1350 3255 1468 3322 latinae

24 3347 26 3386 ³
89 3366 192 3421 aetates
207 3359 261 3423 1110
277 3358 438 3424 ablativus
453 3383 473 3425 a
489 3361 700 3447 scriptoribus
715 3370 899 3446 usurpatur,
916 3362 992 3424 00110
1009 3360 1095 3425 01010
1110 3360 1255 3446 adparet.
1290 3387 1364 3429 cum
1385 3368 1469 3431 enim

1407 238 1468 303 123
1486 278 1487 281 =

92 431 248 515 scriptura,
266 433 365 497 ceteri
387 433 471 498 inter
487 455 520 498 se
536 433 746 520 discrepant),
763 434 816 516 22,
831 433 892 517 1,2
908 435 1010 521 ‘patre
1025 432 1123 518 figulo
1143 433 1257 498 natus’.
1288 434 1364 497 item
1385 431 1471 497 solus

90 545 252 622 usurpatur
263 537 432 620 ablativus,
450 541 475 602 si
486 562 551 604 non
562 548 664 624 pater,
682 540 738 603 sed
753 541 935 603 summatim
948 538 1070 602 familia
1081 537 1133 602 vel
1144 559 1247 622 genus
1259 535 1470 622 significatur,

90 639 164 703 unde
180 642 249 725 quis
263 641 351 706 ducit
363 645 532 726 originem:
551 643 601 724 15,
615 644 642 720 3,
659 645 674 706 1
690 647 770 707 ‘erat
784 643 838 708 hic
850 642 1067 728 Lysimachus
1082 641 1208 705 inlustri
1223 638 1353 726 quidem
1366 641 1471 704 Maee-
1589 700 1590 713 ,

24 755 25 828 j
90 743 191 808 deniae
211 743 281 810 loco
304 747 420 832 natus’,
446 747 495 830 15,
511 748 542 830 4,
561 748 600 812 15
618 747 688 812 ‘fuit
706 747 759 812 1110
782 746 896 811 humili
919 747 1049 832 quidem
1071 767 1191 831 genere
1213 745 1328 810 natus'.
1361 753 1472 809 contra

24 851 25 938 l
90 851 346 936 praepositionem
356 851 417 915 ‘ex'
428 851 700 937 deprehendimus
712 852 762 916 his
774 851 866 917 locis:
883 850 1043 937 3,4,l‘ex
1055 850 1105 914 his
1116 851 1203 933 nati’,
1222 849 1471 932 13,2,l‘natum
1516 887 1519 892 ·
1589 872 1590 925 3

89 974 122 1016 ex
136 953 290 1038 Barsine',
309 956 359 1039 13,
372 955 403 1037 2,
418 957 455 1019 11
474 956 571 1045 ‘quod
588 979 630 1020 ex
645 957 816 1021 Larissaco
833 964 937 1021 scorto
952 955 1161 1034 nasceretur’,
1179 954 1229 1040 17,
1241 955 1271 1037 3,
1286 954 1327 1017 14
1340 957 1393 1017 ‘ex
1408 975 1470 1039 quo

88 1067 153 1121 nata
168 1069 215 1122 est
230 1058 422 1146 Olympias',
443 1061 494 1142 23,
507 1061 538 1145 4,
551 1061 571 1125 6
588 1065 640 1126 ‘ex
660 1060 777 1126 ancilla
792 1062 905 1126 natus’.
937 1061 1015 1125 dum
1034 1068 1142 1125 autem
1156 1059 1218 1123 hoc
1233 1058 1370 1124 verbum
1390 1059 1471 1122 eius·

24 1145 25 1220 l
90 1183 143 1246 que
155 1171 335 1230 structurae
347 1186 411 1229 non
428 1164 602 1230 abhorrent
617 1188 636 1230 a
651 1166 861 1251 probatorum
876 1168 1068 1250 scriptorum
1084 1163 1314 1229 consuetudine
1331 1161 1470 1244 dicendi,
1538 1190 1540 1193 ·

87 1269 236 1352 participii
252 1270 398 1353 ‘genitus'
412 1293 485 1335 oum
497 1270 639 1336 ablativo
652 1272 924 1336 constructionem
936 1293 954 1334 0
965 1279 1136 1356 poetarum
1147 1289 1293 1333 sermone
1306 1266 1361 1353 (cf.
1371 1266 1469 1351 Verg.
1589 1326 1590 1341 ,

87 1369 158 1435 Aen.
172 1372 200 1455 ’1,
213 1373 277 1437 679
294 1374 448 1439 ‘Volcano
469 1375 640 1462 genitum’)
660 1398 679 1439 0
695 1375 789 1439 Livio
810 1377 913 1459 primo
934 1396 1005 1438 esse
1026 1373 1175 1439 haustam
1195 1396 1234 1436 ao
1253 1380 1323 1436 tum
1337 1394 1357 1435 0
1373 1373 1470 1456 00110ΙΙ
1589 1402 1590 1451 1

24 1535 25 1538 ,
87 1475 195 1542 10111100
211 1481 325 1542 aetatis
341 1488 514 1564 argenteae
530 1489 719 1566 usurpatam
732 1500 802 1544 0000
820 1488 957 1543 constat:
974 1475 1469 1561 011119,8,22,1101.1,1,1,2.
1589 1466 1590 1537 ζ

86 1579 162 1645 hunc
182 1583 280 1666 igitur
302 1606 396 1648 usum
419 1586 564 1669 seqnitur
587 1586 683 1648 etiam
702 1585 860 1648 Iustinus:
883 1583 913 1665 2,
929 1584 960 1664 4,
979 1584 1020 1646 13
1040 1583 1175 1668 ‘genitas
1201 1604 1235 1646 00
1254 1581 1360 1646 Μο110
1380 1601 1469 1665 pree·
1589 1556 1590 1599 t

87 1681 247 1768 dicabant',
260 1686 313 1769 23,
325 1688 355 1774 4,
368 1688 389 1751 4
402 1687 538 1772 ‘genitus
552 1697 620 1752 erat
631 1697 723 1774 patre
732 1693 752 1771 †
761 1687 959 1766 Hieroclito’,
972 1687 1023 1770 39,
1036 1686 1066 1769 2,
1081 1687 1121 1750 10
1134 1684 1258 1749 ‘eadem
1269 1695 1371 1749 matre
1384 1686 1469 1769 geni·
1525 1756 1527 1759 ,
1587 1676 1590 1743 1

86 1791 147 1853 tus'.
176 1794 303 1878 saepius
319 1802 427 1856 tamen
442 1795 695 1878 praepositiones
711 1792 859 1856 adhibet:
880 1791 910 1875 8,
924 1792 954 1872 3,
970 1791 1010 1856 10
1026 1794 1079 1855 ‘ex
1093 1811 1235 1855 noverca
1249 1790 1395 1882 genitos',
1417 1789 1469 1860 23,
1589 1860 1590 1879 ,

86 1893 139 1978 2,6
153 1899 349 1983 ‘genitosque
363 1919 405 1961 cx
421 1920 459 1962 ea
471 1895 551 1962 duos
567 1898 741 1982 parvulos',
758 1897 809 1978 36,
823 1898 853 1979 4,
867 1897 886 1960 6
900 1897 952 1960 ‘ex
964 1896 1088 1981 paelice
1100 1895 1242 1980 Ephesia
1256 1945 1262 1957 .
1278 1945 1284 1958 .
1300 1946 1306 1960 .
1319 1895 1469 1978 genitus',

24 2031 26 2054 1
86 1997 259 2081 38251011
272 2024 309 2068 00
318 2001 489 2066 Ariarathe
499 2002 663 2086 genitum',
682 2002 731 2084 12,
742 2003 771 2086 l,
782 2002 824 2065 10
833 2002 884 2066 ‘ab
898 2024 935 2065 00
947 2000 1112 2084 genitum',
1128 2000 1180 2082 42,
1191 1999 1220 2076 2,
1232 1998 1272 2061 12
1285 1998 1337 2062 ‘ab
1347 1998 1481 2082 Aegeo,
1588 2042 1590 2061 1

24 2113 26 2144 *
85 2124 150 2187 rege
165 2103 410 2170 Atheniensium
426 2107 553 2190 genito’.
586 2106 726 2192 denique
742 2105 914 2191 ablativus,
936 2128 998 2191 quo
1021 2104 1221 2190 significatur
1241 2107 1338 2188 origo,
1360 2102 1470 2167 verbis
1493 2127 1496 2141 ¹
1589 2094 1590 2117 1

87 2210 260 2293 ‘provenire'
278 2221 310 2274 et
326 2211 517 2298 ‘procreare‘
535 2211 735 2296 adiungitur:
757 2211 883 2295 2,10,4
900 2211 1017 2276 ‘Dareo
1038 2210 1095 2274 sed
1115 2212 1242 2295 privato
1261 2208 1469 2294 provenisse',

87 2310 112 2394 2,
125 2314 169 2396 10,
186 2316 292 2380 6111011
307 2325 399 2401 patre
414 2325 540 2398 tantum
556 2316 612 2380 sed
628 2325 660 2379 et
676 2325 778 2380 matre
794 2317 943 2401 privatae
959 2315 1066 2381 adhuc
1082 2315 1239 2392 fortunae,
1257 2315 1302 2377 110
1317 2334 1379 2377 avo
1395 2334 1469 2398 quo·

88 2437 140 2500 que
160 2429 303 2484 materno
323 2421 451 2505 privato
474 2430 662 2505 procreatus
689 2420 750 2485 sit'.
794 2421 910 2484 ceteris
932 2419 1011 2484 locis
1034 2420 1305 2506 praepositionem
1329 2417 1391 2480 ‘cx'
1416 2416 1469 2481 ad·

87 2522 191 2587 iactam
213 2527 441 2610 conspicimus:
463 2524 514 2606 26,
533 2525 596 2608 3,3
620 2528 673 2588 ‘ex
692 2524 758 2588 filia
773 2524 930 2589 Ptolemei
949 2531 1138 2609 procreatus
1159 2523 1247 2605 erat',
1268 2522 1320 2606 43,
1340 2521 1401 2607 1,9
1418 2524 1470 2587 ‘cx

87 2623 142 2689 filia
155 2628 257 2692 Fauni
271 2681 277 2694 .
293 2682 299 2692 .
314 2680 320 2692 .
334 2629 544 2715 procreatur',
561 2630 612 2715 31,
625 2629 655 2713 8,
671 2629 687 2692 1
706 2630 759 2694 ‘ab
775 2629 825 2692 his
841 2629 1045 2715 procreatos’.
1589 2700 1590 2733 ,

175 2731 229 2797 Ab
249 2732 392 2798 ablativo
413 2735 543 2818 originis
563 2734 605 2798 ad
626 2735 806 2799 ablativum
828 2755 960 2815 causae,
985 2734 1038 2819 qui
1062 2733 1191 2818 proprie
1216 2730 1342 2809 dicitur,
1367 2742 1469 2796 trans·
1589 2746 1590 2761 ¹

88 2959 168 3020 gerus
187 2940 389 3006 Schmalzius
409 2943 473 3028 alii,
493 2945 526 3007 111
546 2943 609 3007 duo
629 2965 750 3027 genera
771 2943 1009 3028 dispertiernnt,
1030 2963 1167 3027 quorum
1188 2963 1287 3006 unum
1308 2963 1362 3004 eos
1384 2963 1467 3005 com-

24 3509 26 3522 .
89 3459 108 3519 si
120 3483 209 3528 causa
225 3472 274 3528 001
289 3463 464 3529 indicanda
478 3468 618 3551 interior,
636 3465 785 3532 omnibus
798 3466 866 3530 fere
882 3466 1082 3551 temporibus
1097 3466 1259 3534 ablativus
1275 3472 1467 3549 inveniatur,

24 4111 26 4166 3
88 4103 186 4171 amore,
203 4092 411 4175 conscientia,
429 4102 625 4178 contemptu,
643 4095 830 4180 cupiditate,
847 4093 977 4178 fidncia,
993 4104 1090 4177 metu,
1111 4099 1325 4182 miseratione,
1347 4102 1468 4165 miseri·
1589 4092 1590 4095 ¹

89 3567 231 3632 rarissime
244 3591 264 3631 a
276 3566 434 3634 Cicerone
450 3579 546 3656 atque
561 3570 763 3656 frequentius
775 3593 794 3634 a
806 3570 901 3634 Livio
917 3570 1048 3634 demum
1064 3572 1223 3637 01Το0110
1238 3573 1412 3639 adhibetur
1426 3577 1470 3641 ad

89 3688 210 3754 causam,
228 3693 311 3758 quae
327 3682 420 3738 extra
436 3673 616 3739 subiectum
629 3678 732 3759 posita
745 3683 801 3759 est,
820 3673 1075 3757 significandam.
1100 3676 1197 3741 etiam
1210 3678 1298 3763 apud
1310 3679 1469 3745 Iustinum

24 3785 25 3808 1
88 3771 164 3852 plura
178 3774 313 3841 ablativi
328 3780 443 3862 prioris
459 3781 586 3862 generis
607 3787 737 3843 exstant
757 3776 908 3863 exempla
928 3799 1025 3862 quam
1041 3779 1181 3845 alterius.
1212 3805 1252 3847 00
1267 3783 1468 3871 plerumque,
1589 3778 1590 3843 ἶ

24 3911 26 3928 ·
88 3874 112 3938 id
122 3879 202 3962 quod
218 3903 261 3944 ex
277 3883 348 3967 ipsa
360 3885 406 3945 101
421 3892 536 3946 natura
548 3886 702 3969 sequitur,
720 3882 818 3948 animi
830 3882 962 3968 quidam
974 3883 1122 3948 adfectus
1134 3908 1267 3952 causam
1279 3888 1380 3952 efficit
1391 3892 1468 3954 inte·
1589 3880 1590 3915 ³

87 3980 194 4048 riorem.
222 3986 471 4072 frequentantur
486 3991 571 4053 enim
586 3989 627 4053 ab
640 3991 761 4054 Iustino
777 3989 810 4052 hi
826 3987 975 4054 ablativi:
994 3988 1225 4075 admiratione,
1241 3994 1468 4078 aemulatione,

24 4217 25 4222 ¹
89 4190 188 4276 cordia,
205 4195 288 4278 odio,
304 4197 438 4281 pudore,
455 4196 686 4279 recordatione,
705 4220 771 4284 spe,
788 4197 905 4280 taedio,
923 4200 1141 4265 verecundia'.
1177 4202 1294 4289 quibus
1317 4203 1468 4270 ablativis

89 4287 211 4362 lustinus
226 4301 330 4364 rarius
347 4320 442 4385 quam
459 4300 571 4366 Cicero
585 4302 705 4366 000001
716 4302 827 4389 Nepos
844 4304 1051 4388 participium
1067 4304 1202 4391 perfecti
1217 4309 1340 4392 passivi
1353 4310 1467 4375 adicit:

90 4392 430 4481 thrasonianae
446 4407 583 4470 nominis
601 4409 669 4470 eius
686 4404 780 4471 simul
800 4415 832 4470 01
851 4427 961 4469 rernm
979 4406 1137 4472 adversus
1152 4409 1315 4477 Romanos
1332 4413 1468 4479 Poenos-

91 4516 139 4580 que
156 4517 313 4588 gestarum
335 4509 499 4592 adtonita',
523 4511 572 4594 14,
589 4510 620 4592 5,
636 4511 656 4574 2
674 4511 897 4575 ‘aemulatione
917 4513 1087 4597 perculsa',
1111 4514 1163 4599 20,
1180 4515 1210 4599 2,
1229 4517 1267 4580 11
1285 4520 1359 4604 ‘quo
1380 4528 1468 4584 metu

92 4608 302 4696 1011111’,28,3,
317 4613 357 4678 16
371 4613 503 4700 ‘pudore
515 4617 641 4699 motus',
657 4615 688 4698 5,
704 4616 752 4689 10,
767 4615 784 4677 7
798 4615 1031 4683 ‘misericordia
1047 4618 1151 4682 exulis
1166 4620 1277 4712 populi
1293 4634 1467 4710 permotus,
