3225 5092
1445 232 1506 296 193

115 431 312 507 usurpantur
340 422 419 507 (VII
450 422 511 487 153
534 432 585 487 ter
613 422 759 508 legitur),
784 423 960 508 permultas
987 426 1147 488 sectiones
1174 447 1347 509 percurras
1370 434 1504 510 oportet,

114 528 305 614 priusquam
324 549 425 591 unum
444 529 529 590 τοίνυν
550 527 723 591 inveneris.
754 536 851 613 atque
872 530 905 592 in
925 527 1072 592 omnibus
1092 528 1182 592 libris
1199 529 1402 615 Thucydidis
1418 532 1507 614 quin-

115 631 305 717 quiescetur
323 630 388 718 (ΙΙΙ
402 630 454 717 45,
471 632 501 716 4,
522 631 553 696 V
569 630 620 714 87,
638 629 689 714 89,
708 630 778 712 105,
795 630 878 696 VIII
889 631 941 715 53,
959 631 993 718 3)
1006 634 1175 718 reperitur,
1193 655 1273 719 quos
1288 632 1375 697 locos
1393 655 1505 698 omnes

117 737 149 798 in
165 735 361 800 orationihus
373 734 621 800 Atheniensium
634 737 739 799 inesse
751 746 932 801 memoratu
947 737 1083 821 dignum
1095 747 1152 802 est.
1183 759 1324 823 namque
1334 740 1367 801 in
1380 736 1508 822 vulgari

114 838 296 904 Atticorum
329 862 475 904 sermone
507 841 667 926 particula
694 843 793 923 τοίνυν,
827 839 904 904 dum
932 838 1069 926 Gorgias
1102 841 1269 928 Antiphon
1296 841 1508 928 Thucydides

116 945 290 1009 orationem
306 965 398 1008 suam
415 944 456 1008 ab
472 943 524 1009 illo
542 944 706 1008 diversam
723 943 907 1009 excolentes
922 949 1009 1007 τοίνυν
1024 945 1066 1010 ab
1083 967 1121 1010 ea
1136 956 1258 1025 arcent,
1275 948 1377 1030 magis
1393 947 1508 1030 magis-

115 1070 178 1134 que
194 1047 426 1131 increbruerat,
443 1070 526 1133 quae
538 1071 589 1113 res
605 1047 682 1113 inde
698 1049 826 1113 elucere
842 1048 980 1134 videtur,
996 1049 1083 1134 quod
1097 1052 1119 1114 ii
1131 1053 1313 1136 scriptores,
1331 1051 1386 1135 qui
1397 1072 1508 1113 rursus

115 1152 158 1217 ad
179 1174 360 1217 sermonem
380 1152 549 1236 vulgarem
569 1152 768 1217 descendere
789 1152 999 1236 conabantur,
1021 1154 1110 1218 velut
1125 1154 1322 1234 Andocides
1344 1154 1507 1240 aliquanto

116 1257 245 1341 saepius
260 1258 345 1319 τοίνυν
363 1257 572 1323 admiserunt.
605 1279 703 1343 quam
716 1266 825 1322 autem
836 1260 993 1322 rationem
1004 1260 1038 1322 in
1050 1281 1089 1322 ea
1103 1281 1138 1322 re
1151 1261 1252 1324 secuti
1264 1262 1337 1339 sint,
1353 1258 1507 1325 facillime

119 1383 161 1424 ex
176 1359 287 1426 tabula
303 1361 387 1426 infra
402 1364 566 1447 proposita
580 1361 757 1446 intelleges.

341 1519 345 1622 l
375 1537 419 1600 οὖν
454 1520 569 1622 ίτοίνυνί
593 1542 783 1618 loci‚.quibus
798 1534 884 1598 τοίνυν
899 1543 1009 1616 legitur

125 1643 344 1792 Gorgiaelrru.)
381 1670 420 1722 ro
460 1669 1501 1758 —o—Q———ss

256 1749 451 1866 irai-ff
505 1791 522 1844 4
598 1791 819 1856 r‚11,11,13

157 1911 313 1985 Antiphon
383 1913 421 1966 si
505 1912 520 1963 ν
594 1905 1044 1980 ursunrrauvouss,
1064 1911 1293 1981 saurauer

247 2598 409 2698 [1111],9
505 2610 521 2662 3
597 2608 773 2674 15,35,40

220 2773 346 2837 Eadem
357 2775 439 2838 ratio
455 2777 572 2838 mansit
587 2796 646 2860 per
660 2784 818 2860 tempora,
834 2796 916 2859 quae
933 2784 1045 2840 secuta
1060 2785 1144 2840 sunt.
1176 2785 1273 2862 atque
1289 2776 1373 2841 adeo
1387 2779 1421 2842 in
1436 2799 1511 2841 non·

116 2879 210 2943 nullis
227 2880 363 2964 scriptis,
380 2900 575 2963 quamquam
590 2880 624 2942 in
639 2881 826 2943 universum
843 2879 887 2941 οὖν
907 2879 1099 2964 particulam
1114 2882 1199 2943 τοίνυν
1220 2903 1353 2946 numero
1369 2891 1509 2969 superat,

115 3005 167 3046 res
189 2991 237 3046 est
253 2985 423 3065 contraria,
443 2983 580 3047 velutin
596 2983 717 3069 Lysiae
738 2986 881 3049 oratione
896 2984 971 3048 VH.
988 2986 1033 3048 οὖν
1049 2985 1156 3068 semel,
1177 2987 1262 3048 τοίνυν
1278 2994 1327 3050 ter
1343 2986 1453 3051 decies
1468 2987 1510 3051 le-

116 3089 210 3172 gitur.
233 3108 328 3172 quem
345 3110 438 3151 usum
456 3087 708 3173 frequentiorem
720 3088 901 3173 particulae
916 3091 1001 3151 τοίνυν
1015 3111 1032 3153 e
1045 3111 1192 3154 sermone
1204 3090 1331 3175 vulgari
1342 3101 1510 3176 receptum

116 3214 187 3255 esse
204 3213 241 3254 eo
257 3213 385 3278 quoque
400 3191 605 3276 intellegitur,
622 3191 710 3277 quod
720 3192 880 3256 Isocrates
897 3201 929 3256 et
940 3194 1177 3258 Demosthenes
1192 3196 1226 3258 in
1241 3196 1286 3259 eis
1302 3195 1509 3282 orationibus,

116 3318 198 3382 quae
214 3295 257 3362 ad
272 3295 361 3360 illum
378 3317 558 3360 sermonem
574 3297 704 3382 propius
721 3296 892 3382 accedunt,
914 3298 1014 3362 multo
1030 3300 1159 3384 saepius
1175 3320 1273 3384 quam
1288 3301 1323 3364 in
1339 3302 1455 3366 ceteris
1471 3322 1510 3365 ea

115 3401 165 3464 usi
180 3410 263 3484 sunt,
281 3399 322 3476 of.
339 3400 530 3485 Roscnherg
544 3423 576 3486 p.
592 3400 662 3466 115.

779 3599 840 3675 ΠΙ.

218 3760 369 3854 Denique
385 3767 563 3834 notandum
578 3769 727 3832 ostroinos
742 3789 919 3853 numquam
935 3766 976 3831 ab
996 3766 1059 3831 illis
1075 3767 1206 3853 quidem
1226 3770 1444 3854 scriptoribus,
1466 3770 1508 3835 de

115 3871 232 3958 quibus
247 3894 306 3937 nos
322 3874 457 3957 agimus,
473 3874 506 3936 in
522 3874 626 3958 prima
642 3873 799 3937 enuntiati
820 3870 910 3936 sede
932 3871 1091 3937 collocari.
1099 3871 1121 3960 ¹)
1151 3872 1342 3959 plerumque
1358 3876 1507 3940 continuo

114 3984 187 4062 post
198 3979 336 4063 primam
348 3999 464 4041 vocem
478 3977 605 4062 legitur,
622 3978 748 4041 etiamsi
768 3999 805 4042 eo
821 3977 916 4046 modo
936 3976 1091 4042 articulus
1106 4001 1126 4042 a
1141 4001 1198 4043 suo
1213 3979 1351 4063 nomine,
1368 3980 1409 4047 cf.
1426 3981 1506 4067 Lys.

114 4081 249 4146 XVIIII
268 4081 320 4164 47,
341 4081 392 4167 57,
409 4081 510 4144 XXX
534 4080 584 4164 18,
605 4090 661 4146 aut
682 4081 745 4146 duo
765 4081 926 4146 vocabula
946 4092 1017 4147 arte
1036 4084 1217 4166 coniuncta,
1238 4084 1339 4149 veluti
1359 4087 1390 4147 οίν
1410 4089 1506 4164 μόνονε

115 4185 202 4250 And.
217 4184 306 4274 [IIII]
324 4185 365 4250 15
382 4186 427 4272 (ου
446 4189 531 4249 τοίνυν
550 4192 633 4248 ταῦτα
653 4186 760 4272 μόνον),
777 4186 897 4251 Aesch.
913 4186 947 4251 H
966 4185 1009 4250 55
1025 4185 1070 4272 (οὔ
1089 4187 1175 4249 τοίνυν
1196 4193 1278 4265 μόνον
1297 4186 1406 4276 saltu),
1421 4188 1506 4252 Xen.

114 4288 237 4356 Comm.
250 4291 267 4354 Ι
282 4290 312 4373 4,
332 4290 382 4372 13,
400 4289 635 4394 disiunguntur.
1215 4331 1219 4334 ·

113 4449 319 4460 *—

220 4536 239 4603 1)
259 4535 383 4587 Ceterum
400 4537 433 4587 cf.
445 4537 487 4588 W.
499 4535 616 4600 schmitt,
634 4536 681 4587 der
693 4537 851 4589 Atticismus
867 4539 896 4588 in
914 4539 1007 4590 seinen
1019 4538 1262 4605 Hauptvertretern
1278 4553 1334 4589 von
1348 4537 1428 4590 Dion.
1443 4535 1506 4589 Hal.

112 4623 155 4675 bis
166 4624 215 4674 auf
225 4623 278 4674 den
289 4640 335 4676 zw.
348 4625 417 4675 Phil.
428 4643 454 4691 p.
464 4627 505 4675 50.

166 4726 338 4770 Dissertationes
351 4727 429 4779 philol.
446 4726 536 4770 vlndob.
549 4726 578 4768 11.
1320 4715 1353 4764 13
