3225 5092
137 233 181 300 50

28 417 29 482 ζ
139 423 239 490 schol.
255 423 364 488 Germ.
378 447 409 510 p.
422 422 474 507 63,
495 423 535 488 13
551 445 619 508 sqq.
634 423 687 509 (de
699 422 849 507 Orione),
869 444 900 508 p.
915 421 965 505 81,
985 423 1023 484 11
1038 442 1108 509 sqq.
1122 421 1178 509 (de
1189 422 1416 511 Capricomo);
1436 448 1467 512 p.
1481 426 1533 506 85,

140 530 275 613 13-86,
297 531 317 594 3
338 538 371 594 et
389 552 420 615 p.
439 527 489 606 86,
511 529 618 593 3-18
639 528 695 615 (de
711 527 856 613 Aquario
876 530 895 591 i.
914 550 941 592 e.
961 527 1002 592 de
1020 528 1222 592 Deucalione
1241 537 1274 592 et
1295 528 1337 592 de
1353 528 1533 614 Aristaeo),

137 657 168 720 p.
185 635 235 716 81,
249 633 291 698 20
303 653 371 719 sqq.
386 642 419 696 01
434 632 531 719 Amp.
546 632 589 718 ΙΙ,
605 632 644 696 12
661 632 717 720 ((10
728 631 903 718 Piscibus).
939 632 1069 696 accedit
1088 631 1228 718 denique
1247 633 1466 718 fragmentum
1480 657 1534 720 ap.

138 738 229 803 Serv.
242 737 328 803 Dan.
345 737 388 801 ad
401 735 520 822 Georg.
534 736 560 815 I,
581 737 620 800 19
637 745 817 801 servatum:
839 735 1084 822 ‘Triptolemum
1105 737 1185 801 dicit
1202 737 1353 822 Nigidius
1369 737 1535 825 Sphaerae

136 843 329 908 barbaricae
346 877 362 910 a
374 841 435 906 sub
447 841 593 925 Virginis
610 844 701 925 signo
714 850 885 927 aratorem,
901 863 998 927 quem
1008 841 1122 905 Horon
1132 840 1290 926 Aegyptii
1305 852 1431 926 vocant,
1448 841 1535 928 quod

138 947 259 1033 Horon,
277 943 415 1012 Osiridis
430 945 543 1029 filium,
565 943 607 1009 ab
627 945 690 1010 hoc
712 946 886 1010 educatum
906 945 1043 1026 dicunt'3
1069 943 1221 1031 equibus
1236 945 1344 1010 verbis
1359 945 1536 1030 Nigidiana

137 1055 231 1136 signi,
254 1051 295 1118 de
312 1074 375 1138 quo
393 1051 424 1116 h.
438 1050 458 1115 l.
472 1053 588 1135 agitur,
610 1050 785 1138 explicatio
804 1051 847 1116 ab
863 1052 988 1115 usitatis
1005 1048 1205 1115 Graecorum
1221 1049 1263 1114 de
1278 1072 1315 1114 eo
1332 1045 1535 1136 opinionibus

137 1157 267 1221 diversa
292 1158 508 1240 cognoscitm·.
547 1158 681 1238 etenim,
707 1154 794 1240 quod
815 1157 855 1218 sit
875 1156 1003 1239 signum
1026 1153 1068 1219 ab
1089 1154 1143 1219 illo
1163 1156 1217 1237 111,
1243 1163 1279 1218 ut
1297 1153 1330 1220 h.
1347 1155 1367 1218 l.
1385 1155 1531 1240 legimus,

26 1261 27 1322 ᾗ
136 1270 335 1343 enarratum,
357 1261 494 1347 adparet
513 1260 637 1325 collatis
657 1259 770 1324 scholii
790 1259 833 1324 ad
853 1258 1040 1324 Germanici
1060 1258 1185 1324 Aratea
1206 1259 1383 1324 Strozziani
1404 1270 1437 1324 et
1453 1260 1535 1324 Ger-

136 1368 298 1432 manensis
311 1365 420 1430 verbis
433 1366 478 1451 (p.
491 1357 564 1442 125,
575 1366 590 1428 1
602 1363 713 1450 et16):
731 1363 783 1428 ‘ad
795 1363 989 1450 adspectum
1003 1373 1113 1428 autem
1123 1364 1233 1428 Bootis
1245 1364 1347 1447 Virgo
1360 1367 1535 1429 constituta

137 1471 205 1535 est!
232 1470 341 1536 Bootis
356 1470 456 1554 igitur
468 1470 605 1553 signum,
622 1469 708 1554 quod
724 1467 777 1532 alii
790 1467 966 1533 Arcturum
978 1467 1198 1553 adpellabant,
1214 1467 1363 1551 Nigidius
1374 1478 1535 1533 aratorem

136 1595 207 1640 esse
227 1575 342 1660 voluit,
368 1575 460 1638 cuius
480 1573 706 1659 explicationis
727 1595 888 1658 nusquam
908 1571 985 1637 alibi
1005 1582 1136 1657 praeter
1154 1572 1280 1657 Hygini
1300 1571 1419 1638 Astrol.
1437 1573 1481 1659 Π,
1502 1574 1533 1656 4,

135 1703 167 1766 p.
181 1679 222 1744 38
234 1681 332 1744 Bunt.
347 1686 454 1742 exstat
469 1680 650 1762 vestigium.
686 1687 795 1742 arator
808 1687 917 1741 autem
928 1697 992 1740 non
1007 1679 1109 1761 magis
1121 1674 1200 1761 fingi
1216 1685 1324 1762 potest
1335 1679 1404 1742 sine
1416 1687 1534 1763 aratra,

136 1808 234 1871 quam
247 1784 427 1850 ‘Arcturus’
446 1786 514 1848 sive
532 1782 779 1869 ‘Arctophylax'
799 1785 868 1848 sine
881 1782 1015 1867 ‘Arcto',
1033 1783 1170 1847 ‘Bootes'
1187 1784 1256 1847 sine
1269 1782 1432 1868 ‘plaustro’
1445 1782 1535 1847 bovi-

138 1891 201 1955 bus
220 1893 341 1953 iuncto.
377 1909 454 1973 ergo
475 1890 501 1951 si
516 1888 667 1971 Nigidius
683 1889 809 1952 Booten
828 1897 988 1952 aratorem
1009 1908 1080 1951 esse
1104 1889 1225 1969 statuit,
1246 1925 1288 1935 -
1310 1887 1352 1952 ad
1369 1909 1465 1973 quam
1480 1909 1534 1950 ex-

137 1995 343 2079 plicationem
364 2014 441 2056 sane
457 1992 553 2056 facile
573 1993 644 2076 quis
660 1991 835 2056 verborum
852 1990 969 2073 βοώτης,
990 1993 1113 2074 βοωτεῖν,
1129 1993 1231 2067 [leuda
1245 1990 1534 2075 significationibus

137 2098 256 2164 adduci
280 2106 422 2183 poterat,
444 2134 485 2144 --
509 2097 607 2160 etiam
630 2098 773 2179 signum,
797 2095 884 2180 quod
908 2117 983 2158 cum
1005 2094 1058 2158 illo
1082 2095 1349 2180 coniungebatur,
1373 2117 1447 2161 eum
1469 2117 1535 2160 non

136 2225 246 2266 ursam
262 2223 323 2265 nec
338 2202 528 2286 plaustrum,
553 2199 610 2264 sed
630 2209 773 2264 aratrum
792 2202 975 2264 nominasse
996 2200 1178 2264 necessario
1198 2200 1351 2284 sequitur.
1382 2199 1416 2263 id
1447 2200 1534 2286 quod

138 2329 213 2371 eum
228 2305 345 2370 fecisse
361 2313 553 2389 argumento
570 2325 640 2367 esse
657 2303 786 2368 videtur
800 2303 899 2385 locus,
917 2305 972 2389 qui
987 2305 1022 2366 in
1038 2304 1137 2368 schol.
1150 2303 1305 2368 Beruens.
1324 2303 1379 2389 (ab
1395 2305 1534 2387 Hageno

136 2410 187 2474 ed.
202 2409 306 2476 Iahnii
319 2408 425 2473 annal.
434 2407 538 2493 suppl.
551 2406 631 2472 IIH.
646 2430 673 2472 a.
690 2406 833 2493 1867)111
848 2407 1057 2472 adnotatione
1069 2408 1111 2472 ad
1125 2407 1244 2492 Georg.
1257 2407 1283 2490 I,
1299 2407 1533 2494 174lsgitur21)

136 2513 239 2579 ‘Stiva
258 2511 515 2598 gubernaculum
537 2514 651 2594 aratri,
672 2519 708 2575 ut
722 2510 874 2595 Nigidius
894 2511 960 2575 ait.'
992 2511 1072 2575 haec
1092 2513 1178 2576 enim
1198 2510 1314 2596 verba,
1337 2533 1410 2576 cum
1431 2515 1533 2578 stivae

135 2618 331 2683 vocabulum
351 2617 475 2701 Nigidii
496 2615 696 2701 temporibus
719 2617 993 2700 interpretationis
1012 2616 1158 2700 indigere
1179 2618 1375 2702 nequiverit,
1399 2617 1440 2680 de
1463 2619 1534 2701 agri

23 2787 24 2790 ,
137 2724 262 2787 cultura
285 2730 392 2786 autem
417 2720 550 2805 Figulus
573 2722 702 2785 omnino
725 2743 789 2784 non
813 2721 988 2804 scripserit,
1012 2720 1099 2784 haud
1123 2720 1245 2785 absone
1267 2720 1310 2785 ad
1333 2742 1413 2806 opus
1435 2732 1534 2785 astro-

135 2829 297 2892 nomicum
314 2826 425 2910 (etiam
440 2825 482 2889 ad
500 2824 617 2908 Georg.
631 2824 657 2910 I,
669 2824 734 2889 218
754 2825 796 2890 ab
818 2825 932 2888 eodem
952 2827 1128 2910 interprete
1148 2827 1180 2888 in
1200 2848 1293 2889 usum
1316 2826 1482 2910 vocatum)
1503 2835 1536 2889 et

136 2932 178 2995 ad
195 2933 277 3016 sigui
293 2930 455 3016 quandam
472 2931 722 3016 descriptionem
737 2928 860 2994 referre
875 2928 954 2993 mihi
970 2928 1122 3004 videor.²l
1154 2932 1251 2994 aratri
1267 2939 1376 2993 autem
1391 2931 1535 3014 speciem

136 3035 223 3120 quod
239 3037 367 3119 signum
383 3035 486 3118 magis
508 3033 666 3121 praebere
689 3042 816 3118 poterat
837 3055 934 3118 quam
949 3032 1039 3114 illud,
1060 3033 1147 3118 quod
1166 3033 1262 3118 vulgo
1282 3032 1461 3119 plaustrum
1480 3034 1533 3098 vel

135 3163 211 3203 ursa
220 3137 275 3202 vel
286 3162 306 3202 a
317 3139 471 3202 Romanis
483 3141 582 3202 etiam
594 3139 839 3224 septemtriones
856 3135 1104 3221 adpellabatur?
1127 3147 1193 3201 tres
1209 3160 1286 3201 vero
1300 3137 1411 3201 stellae
1425 3138 1533 3202 clarae

135 3246 168 3307 in
177 3243 281 3308 Ursae
291 3242 396 3306 cauda
407 3245 530 3327 positae
539 3264 644 3306 nonne
653 3251 728 3327 apte
739 3263 813 3305 cum
825 3244 922 3306 aratri
934 3240 1166 3325 gubernaculo,
1180 3242 1266 3328 quod
1276 3241 1426 3325 Nigidius
1439 3243 1532 3323 dixit,

136 3349 316 3432 comparari
338 3348 509 3433 poterant?
540 3346 598 3410 sed
613 3347 695 3410 haec
710 3368 839 3432 quoque
855 3347 967 3410 sideris
983 3346 1167 3431 explicatio,
1183 3356 1218 3409 ut
1233 3346 1288 3411 1111
1300 3345 1457 3428 Α1110111,
1474 3350 1533 3410 0111

135 3473 198 3515 non
218 3473 350 3536 prorsus
370 3452 500 3537 propria
521 3460 591 3514 erat
605 3449 738 3535 Nigidii,
760 3489 800 3496 -
816 3450 1018 3535 Hermippus
1033 3452 1119 3516 enim
1134 3451 1272 3514 eandem
1287 3450 1465 3536 protulerat
1479 3473 1533 3514 ex-

134 3554 350 3642 plicationem,
360 3555 417 3618 sed
426 3565 586 3620 aratorem
596 3554 819 3639 Philomelum,
833 3555 970 3619 Iasionis
979 3555 1091 3637 filium,
1105 3577 1176 3618 esse
1188 3555 1383 3640 statuerat³),
1393 3565 1532 3619 —certe

135 3683 199 3725 non
214 3660 322 3723 multis
343 3668 411 3723 erat
426 3667 511 3724 nota.
543 3661 654 3745 itaque
673 3681 794 3723 novum
814 3660 962 3725 adsecuti
982 3682 1092 3724 sumus
1113 3659 1300 3744 exemplum
1320 3659 1418 3723 studii
1437 3658 1532 3741 illius,

136 3764 222 3849 quod
234 3766 267 3827 in
281 3765 508 3828 catasterismis
521 3784 648 3848 quoque
660 3787 680 3828 a
691 3764 821 3848 Nigidio
834 3765 991 3829 enarratis
1007 3762 1165 3848 adparere
1177 3765 1300 3828 monuit
1312 3763 1532 3828 Buechelerus

135 3869 220 3932 Mus.
233 3867 337 3932 Rhen.
355 3877 378 3930 t.
396 3867 492 3951 XIII,
513 3891 544 3954 p.
561 3868 635 3931 179:
657 3877 692 3930 ut
711 3869 842 3932 rarioris
864 3877 962 3953 atque
983 3871 1081 3932 etiam
1102 3868 1290 3932 reconditae
1310 3866 1478 3934 doctrinae
1498 3892 1532 3933 se

136 3971 309 4057 praeberet
324 3973 598 4056 investigatorem.
632 3971 815 4036 fabularum
838 3982 947 4038 autem
971 3973 1098 4037 illarum
1114 3972 1311 4057 sideralium,
1337 3994 1419 4058 quae
1435 3995 1534 4060 supra

136 4078 337 4156 enumeravi,
368 4098 490 4161 paucas
521 4079 586 4141 suis
620 4076 806 4141 auctoribus
839 4099 1009 4162 possumus
1034 4077 1187 4142 tribuere.
1228 4098 1334 4161 neque
1356 4079 1390 4140 in
1413 4075 1533 4142 111010

133 4180 206 4266 plus
223 4181 356 4267 profeci,
378 4201 475 4266 quam
490 4181 679 4265 Breysigius
696 4179 774 4266 (‘De
791 4180 866 4266 Nig.
883 4181 998 4266 fragm.
1015 4204 1067 4267 ap.
1086 4180 1185 4245 schol.
1204 4179 1315 4245 Germ.
1334 4180 1455 4267 serv.'),
1478 4184 1533 4268 qui

250 4443 261 4509 )
275 4443 397 4494 (118011.
409 4443 523 4493 Ι)111.1(1
536 4444 650 4493 eundem
663 4459 781 4494 versum:
795 4443 880 4495 ‘Stiva
892 4447 998 4496 manica
1010 4447 1100 4510 aratri,
1113 4461 1167 4512 qua
1178 4446 1288 4511 regitur,
1300 4444 1542 4519 gubernaculum?-

249 4533 259 4596 )

240 4445 248 4478 1

239 4532 250 4566 ²
272 4530 434 4596 Roehrigius
447 4548 472 4597 p.
483 4533 516 4579 45
530 4531 563 4581 ad
576 4534 763 4596 grammaticos
777 4533 982 4582 commentarios
993 4533 1021 4582 id
1032 4533 1131 4584 referre
1144 4549 1198 4584 11011
1211 4533 1352 4583 dubitavit.

239 4617 260 4683 3)
275 4617 313 4667 ef.
324 4617 395 4682 Hyg.
406 4616 503 4666 Astrol.
514 4617 549 4679 11,
560 4620 583 4679 4,
593 4634 617 4683 p.
631 4619 673 4680 38,
686 4620 702 4666 4
715 4635 770 4684 sqq.
