3225 5092
121 237 164 302 52

123 425 246 510 elegiae
261 435 356 512 parte
373 425 484 490 valere
499 431 642 509 negaret.
675 446 773 509 quam
794 423 837 489 ob
862 446 931 489 rem
953 426 1043 509 prius
1066 424 1108 489 de
1123 424 1264 490 Aristaei
1288 425 1399 491 fabula
1413 448 1519 509 agam,

121 533 314 615 praesertim
331 552 403 594 cum
417 530 550 594 Maassii
566 530 751 615 opinionem
766 528 963 613 redarguere
978 550 1043 592 non
1059 528 1193 593 difficile
1210 531 1258 593 sit.
1288 529 1331 594 ad
1347 551 1418 594 eam
1434 531 1521 594 enirn

122 634 398 721 comprobandam
417 633 470 698 ille
490 656 522 719 p.
541 633 582 697 69
604 633 730 698 duobus
751 655 830 696 usus
849 642 898 696 est
917 636 1126 717 argumentis.
1162 655 1299 718 quorum
1320 633 1457 697 alterum
1478 657 1521 696 ex

125 739 317 804 scholiastae
332 739 507 803 verborum
524 759 651 803 conexu
671 737 882 823 deprompsit,
904 739 959 823 qui
973 738 1056 802 haec
1077 736 1169 801 dicit:
1192 737 1323 803 ‘factum
1343 746 1401 820 est,
1421 747 1459 801 ut
1477 737 1520 802 ab

121 844 170 909 his
187 843 245 931 (sc.
263 843 339 930 diis)
355 845 522 929 impetrari
538 853 657 928 posset.
693 844 802 927 itaque
820 845 917 907 venia
937 842 1014 908 data
1035 845 1244 906 constitutum
1264 852 1313 906 est
1333 842 1374 907 ab
1393 844 1520 908 immor-

120 948 254 1032 talibus,
289 950 336 1012 uti
367 958 441 1034 post
473 946 649 1012 Caniculae
681 957 831 1011 exortum
862 947 952 1010 venti
982 946 1223 1032 perflarent...'
1263 948 1388 1031 quaerit
1422 949 1521 1030 igitur

121 1053 295 1118 Maassius:
323 1054 464 1117 ‘veniam
491 1052 639 1117 audimus
667 1050 749 1116 Ceos
773 1051 905 1115 tandem
932 1053 1138 1136 impetrasse:
1171 1074 1229 1115 cur
1256 1051 1407 1115 veniam?
1442 1052 1520 1136 quid

119 1156 373 1242 peccaverunt?
402 1165 500 1242 atque
519 1158 589 1241 ipse
613 1155 801 1241 respondet:
826 1164 898 1220 ‘non
916 1155 1130 1220 diciturillud
1147 1156 1288 1241 quidem,
1304 1156 1361 1220 sed
1378 1155 1521 1241 suppleri

120 1261 250 1326 aliunde
281 1269 395 1346 potest.
434 1261 519 1327 Icari
547 1261 632 1326 enim
660 1262 821 1325 occisores
844 1259 904 1325 Cei
930 1270 1135 1346 receperant:
1164 1259 1281 1346 quibus
1304 1260 1424 1346 punitis
1446 1281 1521 1323 cum

121 1368 246 1451 superis
266 1368 300 1429 in
321 1368 459 1450 gratiam
479 1366 585 1430 redire
607 1375 792 1450 coeperunt.
825 1357 902 1430 hinc
921 1366 1057 1451 profecti
1078 1365 1119 1429 de
1135 1367 1183 1450 iis,
1208 1388 1291 1451 quae
1311 1367 1429 1430 omissa
1449 1386 1520 1428 esse

119 1479 219 1556 patet,
233 1493 275 1536 ex
282 1470 415 1556 Hygino
429 1479 552 1536 certum
566 1472 650 1536 ferre
663 1493 834 1555 possumus
845 1471 1012 1535 iudicium’
1027 1471 1085 1557 (cf.
1094 1470 1184 1556 Hyg.
1193 1470 1313 1536 Astrol.
1327 1470 1370 1553 H,
1382 1471 1413 1552 4,
1425 1493 1457 1556 p.
1468 1470 1519 1550 34,

120 1575 259 1659 24-38,
272 1576 316 1662 3).
348 1584 381 1640 at
402 1576 484 1659 fugit
500 1575 676 1640 Maassium
697 1578 829 1640 veniam
850 1575 929 1640 dare
947 1574 1035 1639 haud
1054 1597 1128 1639 raro
1148 1597 1214 1640 non
1234 1576 1322 1640 idem
1338 1575 1521 1658 significare

119 1691 216 1766 atque
231 1683 410 1764 ignoscere,
437 1680 505 1765 sed,
527 1680 615 1766 quod
639 1689 781 1764 rogatur,
804 1690 981 1766 praestare.
1014 1703 1097 1766 quae
1121 1681 1314 1764 significatio
1339 1682 1405 1743 sinc
1422 1677 1522 1742 dubio

119 1785 195 1851 huic
210 1785 280 1850 loco
296 1788 389 1866 inest,
413 1794 446 1848 ut
466 1786 498 1848 in
514 1784 630 1850 iisdem
646 1785 775 1849 scholiis
792 1785 859 1849 BP
875 1787 908 1850 in
923 1787 1108 1850 narratione
1124 1785 1165 1848 de
1181 1784 1314 1848 Castore
1331 1790 1362 1847 et
1376 1782 1521 1867 Polluce,

120 1891 197 1954 item
213 1913 230 1954 e
243 1889 372 1974 Nigidio
385 1897 551 1974 excerpta,
565 1912 596 1974 p.
611 1889 662 1974 69,
678 1889 731 1954 11;
750 1895 841 1974 ‘quas
857 1888 899 1953 ob
916 1912 967 1953 res
979 1893 1075 1953 venia
1090 1890 1167 1953 data
1181 1889 1355 1953 immortali
1367 1889 1522 1951 memoria

118 1995 253 2079 locoque
269 1995 450 2059 constituti.
463 2045 468 2057 .
480 1989 499 2057 .'
521 1996 630 2080 itaque
647 2017 664 2057 e
676 1994 787 2059 verbis
796 1994 992 2079 Nigidianae
1009 1993 1049 2059 de
1059 1994 1208 2058 Aristaeo
1220 1993 1350 2058 fabulae
1361 1993 1522 2056 Maassius

119 2121 196 2162 suae
225 2102 429 2163 coniecturae
456 2098 689 2164 adminiculum
715 2109 827 2184 petere
854 2122 918 2163 non
944 2099 1068 2165 debuit.
1103 2101 1200 2163 immo
1229 2099 1425 2162 contrarium
1452 2099 1521 2160 iure

119 2212 226 2288 potest
250 2203 420 2285 contendi,
448 2213 549 2268 totam
576 2206 769 2268 narrationis
794 2204 936 2269 indolem
963 2205 1062 2270 talem
1085 2227 1171 2287 esse,
1199 2226 1281 2289 quae
1310 2213 1422 2268 contra
1448 2223 1521 2265 eam

40 2351 44 2361 ·
123 2309 304 2393 opinionem
329 2308 437 2373 faciat.
474 2307 642 2372 Aristaeus
666 2309 752 2373 enirn
776 2309 896 2373 dieitur
919 2309 1043 2373 artibus
1067 2310 1133 2373 suis
1161 2317 1285 2372 ceteros
1307 2307 1454 2372 homines
1478 2306 1520 2369 ad

122 2411 224 2476 bonas
240 2412 350 2496 fruges
371 2410 607 2497 utilitatemque
623 2412 826 2496 perduxisse.
862 2413 940 2498 quid
956 2413 1038 2477 haec
1054 2436 1116 2494 res,
1139 2415 1229 2476 cuius
1244 2412 1332 2498 apud
1348 2412 1517 2496 Hyginum

120 2515 142 2581 l.
164 2539 191 2580 c.
213 2517 333 2580 mentio
359 2514 424 2581 non
452 2517 502 2599 fit,
531 2516 573 2582 ad
599 2515 738 2582 Ceorum
765 2517 934 2582 fabulam?
976 2507 1126 2601 accedit,
1150 2518 1236 2602 quod
1270 2518 1357 2600 origo
1390 2516 1520 2600 quidem

120 2608 261 2685 Aristaei
278 2629 429 2685 accurate
446 2630 630 2686 enarratur:
647 2620 733 2686 Ceae
750 2645 824 2686 eum
840 2622 939 2686 fuisse
955 2645 1020 2687 non
1037 2629 1315 2687 commemoratur.
1340 2619 1521 2706 quidquod

121 2728 232 2807 etiam,
259 2747 342 2811 quae
364 2726 405 2790 de
426 2725 610 2790 calamitate
632 2724 807 2791 Caniculae
829 2735 901 2791 ortu
921 2729 1064 2791 excitata
1085 2727 1250 2808 dicuntur,
1277 2727 1322 2789 ita
1343 2733 1417 2788 sunt
1438 2745 1521 2788 com-

121 2839 245 2916 parata,
269 2839 305 2893 ut
325 2851 397 2894 eam
416 2852 481 2894 non
500 2830 543 2894 ad
559 2829 642 2894 Ceos
664 2831 755 2908 solos,
778 2831 835 2894 scd
856 2832 897 2895 ad
918 2840 1020 2895 totum
1040 2852 1142 2914 genus
1162 2831 1339 2895 humanum
1358 2831 1520 2916 pertinere

121 2933 256 2998 videas?
274 2935 409 3018 legimus
422 2937 509 2998 enim
524 2937 558 2999 in
573 2934 703 3019 scholi0,
721 2934 762 2998 de
778 2957 841 3020 quo
858 2938 978 3019 agitur:
995 2936 1080 3000 ‘cum
1093 2935 1267 3000 Caniculae
1286 2937 1413 3019 signum
1425 2936 1520 3019 pesti-

121 3040 224 3106 ferum
248 3049 394 3104 oreretur
418 3048 449 3103 et
473 3041 583 3103 statim
609 3047 797 3124 praesentes
826 3040 949 3104 fructus
977 3039 1198 3105 lacerarentur
1224 3039 1519 3123 interciderentque

121 3143 318 3224 homines'3
343 3153 455 3207 contra
477 3144 573 3229 apud
588 3144 756 3229 Hyginum
778 3141 798 3205 l.
818 3167 857 3207 s:
882 3143 1049 3208 ‘Canicula
1072 3147 1221 3208 exoriens
1243 3155 1335 3208 aestu
1359 3141 1522 3208 Ceorum

122 3247 193 3312 loca
215 3257 246 3312 et
262 3270 356 3332 agros
372 3247 533 3313 fruct-ibus
550 3248 690 3312 orbabat
710 3257 742 3310 et
757 3249 844 3333 ipsos
864 3248 976 3312 morbo
996 3247 1142 3312 adfectos
1164 3271 1284 3334 poenas
1300 3248 1426 3312 Icario
1447 3269 1522 3311 cum

122 3353 232 3418 dolore
248 3352 383 3417 sufferre
401 3351 549 3436 cogebat,
570 3353 656 3437 quod
677 3353 849 3416 latrones
865 3353 899 3438 (i.
918 3375 945 3415 e.
960 3374 1022 3430 eos,
1041 3355 1094 3437 qui
1110 3353 1253 3417 Icarium
1268 3352 1521 3438 interfecerant)

122 3457 387 3543 recepissent'
422 3478 518 3541 porro
539 3457 733 3521 calamitatis
754 3455 981 3522 defendendae
1003 3479 1102 3521 causa
1123 3457 1309 3521 Aristaeum
1329 3480 1387 3521 sua
1406 3466 1521 3542 sponte

122 3583 173 3624 res
190 3560 316 3626 divinas
333 3561 449 3625 fecisse
465 3561 599 3625 tradidit
610 3561 769 3645 Nigidius.
797 3571 831 3624 at
847 3573 959 3626 contra
974 3561 1062 3647 apud
1074 3562 1243 3646 Hyginum
1256 3561 1335 3626 deus
1347 3584 1421 3626 eum
1432 3562 1523 3626 iubet

123 3665 230 3730 multis
253 3666 365 3730 hostiis
389 3669 547 3750 expiare
571 3666 673 3730 Icari
696 3675 865 3730 mortem.
898 3667 1038 3751 denique
1063 3665 1212 3750 Nigidius
1235 3666 1421 3730 Aristaeum
1444 3666 1524 3730 deos

124 3779 313 3856 precantem
335 3770 423 3853 fecit,
446 3771 497 3834 ‘ne
517 3780 706 3856 paterentur
729 3793 850 3854 genus
873 3770 1065 3835 hominum
1089 3771 1260 3854 indignis
1284 3770 1523 3835 calamitatibus

123 3873 240 3938 adfici'.
273 3883 305 3938 at
322 3896 384 3959 quo
400 3876 494 3939 modo
512 3878 541 3939 ei
556 3875 758 3960 precandum
774 3875 881 3956 fuerit,
903 3877 928 3938 si
944 3896 1024 3938 vera
1040 3885 1124 3938 esset
1139 3876 1272 3939 Maassii
1290 3879 1459 3958 sententia,
1481 3899 1524 3939 ex

125 3979 176 4043 his
191 3978 317 4064 Hygini
331 3979 441 4043 verbis
457 3979 667 4064 intellegitur:
686 3981 788 4064 ‘petiit
804 4002 824 4042 a
839 3990 983 4064 parente,
1001 4001 1063 4064 quo
1079 3980 1164 4044 facto
1182 3979 1418 4045 calamitatibus
1435 3983 1524 4044 civi-

125 4093 245 4148 tatem
265 4094 374 4168 posset
394 4083 552 4148 liberare!
580 4087 689 4169 itaque
710 4085 772 4148 hoc
794 4093 903 4169 caput,
925 4106 987 4169 quo
1007 4083 1150 4150 Aristaei
1170 4084 1211 4149 de
1231 4087 1381 4149 universo
1401 4105 1523 4168 genere

124 4186 266 4252 humano
282 4190 397 4253 merita
413 4198 615 4271 enarrantur,
637 4187 679 4254 ab
695 4189 907 4252 Ieariensium
928 4187 982 4252 illa
997 4188 1109 4252 fabula
1125 4211 1256 4274 prorsus
1273 4189 1437 4253 diversum
1452 4211 1524 4253 esse

124 4290 312 4356 habendum
327 4293 405 4359 mihi
422 4303 555 4378 constat,
576 4301 687 4379 utpote
703 4315 777 4357 cum
794 4316 860 4378 qua
875 4315 939 4357 non
954 4295 1057 4377 magis
1074 4295 1245 4359 cohaereat
1265 4316 1362 4379 quam
1378 4289 1525 4358 eiusdem

125 4400 311 4480 argumenti
325 4399 536 4481 narrationes,
554 4420 636 4483 quae
653 4396 804 4482 leguntur
820 4398 908 4483 apud
923 4397 1020 4462 Diod.
1034 4397 1112 4483 IIII,
1125 4397 1176 4484 82,
1189 4398 1220 4481 2,
1241 4398 1348 4484 Apoll.
1361 4397 1465 4463 Rhod.
1478 4399 1524 4480 Π,

125 4500 190 4564 516
207 4523 276 4588 sqq.
300 4525 405 4588 neque
422 4505 596 4590 quicquam
612 4514 725 4568 eontra
740 4503 824 4568 hanc
841 4504 1032 4568 sententiam
1048 4503 1145 4586 valet,
1162 4504 1248 4590 quod
1264 4504 1432 4588 Maassius,
1449 4525 1525 4568 cum

125 4605 167 4670 ad
191 4605 327 4692 Aquarii
350 4607 438 4672 sidus
463 4609 642 4674 secundum
666 4608 788 4692 Nigidii
812 4609 995 4693 opinionem
1016 4608 1185 4673 Aristaeus
1209 4607 1382 4673 translatus
1402 4609 1455 4690 sit,
1479 4609 1524 4672 ad
