3225 5092
146 218 189 282 48

147 429 343 494 quamquam
355 431 396 474 ne
409 409 470 474 hoc
483 409 615 495 quidem
627 408 782 474 Salmasio
797 408 929 494 placuit.
963 409 1021 473 sed
1034 410 1191 496 sphaerae
1202 432 1321 476 nomen
1331 413 1437 495 magis
1448 433 1548 496 quam

146 535 214 577 rem
237 515 413 598 respiciens
431 513 592 598 Scaliger,
612 522 649 577 ut
668 514 746 591 dixi,
773 512 930 598 sphaerae
950 512 1142 579 barbaricae
1162 537 1182 577 a
1201 514 1384 579 differentia
1409 514 1547 580 climatis

146 617 302 704 Aegyptii
317 639 434 684 nomen
446 618 558 682 datum
575 640 646 682 esse
661 620 790 703 putavit
805 627 902 706 atque
915 617 1082 683 Manilium
1097 628 1195 704 atque
1206 619 1383 703 Firmicum
1398 620 1546 684 inscitiae

148 723 304 808 coarguit,
329 726 421 808 quasi
444 745 516 788 eam
541 722 699 809 sphaerae
721 722 914 787 barbaricae
936 723 1177 788 inclinationem
1199 723 1355 788 Romanis
1377 724 1547 808 astrologis
1576 767 1578 771 .

147 826 300 890 utendam
312 829 562 913 proposuissent,
580 849 664 913 quae
677 829 774 892 ‘circa
787 827 914 892 caelum
925 827 1127 913 Aegyptium
1138 828 1298 892 variaret!
1331 836 1443 892 contra
1457 837 1546 892 recte

147 929 322 996 Salmasius
351 931 371 996 l.
395 953 421 995 c.
444 954 476 1016 p.
500 931 563 996 583
590 935 740 1018 opposuit
769 931 825 997 illa
852 934 959 997 omnia
987 931 1147 997 clarorum
1175 931 1316 997 siderum
1344 954 1418 996 cum
1446 934 1548 1016 signis

147 1034 279 1119 singulis
292 1036 462 1100 orientium
475 1035 727 1122 cadentiumque
739 1035 980 1122 apotelesmata,
998 1037 1076 1101 item
1089 1036 1289 1121 singularum
1302 1039 1386 1122 signi
1394 1040 1545 1124 partium,

146 1162 231 1226 quae
250 1150 417 1225 tamquam
437 1143 569 1227 propria
588 1142 702 1206 tribuit
722 1141 880 1227 sphaerae
894 1140 1087 1206 barbaricae
1102 1141 1273 1227 Firminus,
1293 1163 1358 1206 non
1376 1145 1483 1208 minus
1502 1142 1546 1206 ad

152 1243 271 1309 Graeci
288 1243 368 1309 caeli
384 1244 623 1310 inclinationem
639 1267 736 1331 quam
752 1245 795 1310 ad
810 1246 1012 1331 Aegyptium
1028 1246 1124 1311 clima
1139 1247 1311 1333 pertinere.

251 1348 316 1414 Sed
337 1371 477 1413 crunon
502 1347 675 1414 discrimen
695 1350 829 1415 rationis
851 1349 1084 1436 apotelesmata
1101 1349 1245 1434 fingendi
1264 1371 1396 1415 causam
1414 1351 1546 1415 diversi-

69 1521 71 1526 .
147 1456 221 1518 10110
249 1455 413 1517 nominum
441 1453 541 1517 fuisse
564 1463 758 1536 statuamus,
786 1462 823 1518 ut
845 1454 984 1540 sphaera
1013 1454 1145 1539 quidem
1168 1454 1282 1519 eadem
1306 1465 1460 1538 maneret,
1488 1456 1545 1520 sed

147 1558 285 1644 sphaera
294 1557 524 1646 Graecanica1)
535 1558 720 1624 dicerentur
728 1559 970 1646 apotelesmata,
983 1581 1066 1645 quae
1076 1558 1196 1624 Graeci
1205 1559 1381 1625 observare
1389 1559 1545 1645 solebant,

146 1662 319 1728 barbarica
334 1686 383 1743 00,
401 1684 538 1748 quorum
551 1662 735 1728 observatio
747 1663 984 1750 Aegyptiorum
996 1667 1127 1751 propria
1139 1664 1229 1729 erat?
1249 1665 1325 1730 huic
1337 1663 1546 1750 explicationi

147 1769 269 1854 etipsa
289 1789 341 1830 res
361 1767 465 1845 favet,
493 1790 566 1832 cum
587 1766 788 1833 Graecorum
813 1769 961 1832 doctrina
979 1767 1173 1854 astrologica
1192 1768 1292 1834 veluti
1310 1769 1450 1839 Maximi
1472 1767 1546 1857 [περὶ

145 1870 305 1958 καταρχῶν]
321 1872 526 1936 Manethonis
545 1872 720 1936 Ptolemaei
738 1871 942 1960 [Tetrabibl.]
962 1872 1152 1959 plerumque
1165 1875 1198 1938 in
1206 1875 1409 1960 planetarum
1421 1883 1546 1938 tantum

149 1975 446 2041 constellationibus
466 1975 680 2041 observandis
702 1977 945 2064 contineatur,²)
971 1985 1004 2040 et
1022 1978 1155 2043 Firmici
1174 1977 1277 2042 verba
1295 1976 1394 2042 fidem
1414 1979 1544 2042 faciunt.

148 2079 235 2165 quid,
257 2081 283 2143 si
302 2079 389 2145 idem
410 2080 584 2144 discrimen
600 2082 683 2144 inter
697 2080 821 2164 Nigidii
837 2080 1017 2168 Sphaeram
1034 2081 1271 2148 Graecanicam
1287 2092 1319 2146 et
1340 2083 1545 2147 barbaricam

146 2186 364 2248 intercessisse
377 2207 549 2268 sumamus,
562 2184 596 2248 id
608 2185 694 2270 quod
707 2187 824 2271 cuique
836 2188 940 2272 primo
953 2186 1068 2251 obtutu
1074 2189 1108 2251 in
1116 2196 1259 2252 mentem
1271 2186 1382 2251 venit?
1394 2187 1546 2272 Figulum

149 2292 235 2353 enim
251 2291 285 2353 in
301 2289 363 2353 hoc
379 2310 477 2374 opere
493 2290 592 2354 ctiam
608 2291 668 2354 arti
686 2289 970 2376 apotelesmaticae
985 2291 1176 2357 tractandae
1191 2314 1326 2377 operam
1337 2291 1466 2357 dedisse
1477 2314 1546 2378 per-

149 2415 281 2459 suasum
296 2393 411 2458 haheo.
443 2393 498 2458 illa
513 2403 623 2458 autem
645 2396 751 2478 opinio
773 2396 799 2459 si
815 2417 894 2458 vera
914 2405 972 2478 est,
993 2395 1088 2479 bene,
1109 2419 1167 2460 cur
1182 2418 1299 2462 nomen
1315 2395 1546 2478 Graecanicae,

147 2520 212 2562 000
229 2497 377 2562 Graecae
398 2497 556 2585 sphaerae
576 2498 741 2583 aNigidio
761 2499 942 2566 adhibitum
963 2503 1015 2585 sit,
1036 2500 1242 2584 intellegitur.
1278 2503 1375 2567 etiam
1394 2524 1442 2584 ea,
1463 2523 1546 2586 quae

147 2624 211 2667 non
228 2602 271 2667 ad
287 2605 391 2689 ipsam
406 2611 509 2668 artem
524 2602 763 2688 genethliacam
778 2604 994 2690 pertinebant,
1015 2605 1165 2689 Nigidius
1185 2607 1231 2669 ita
1246 2603 1417 2690 disponere
1432 2607 1544 2691 potuit,

147 2717 183 2772 ut
198 2709 232 2772 in
247 2709 353 2794 priore
369 2717 460 2794 parte
477 2710 574 2773 etiam
590 2710 624 2772 in
636 2710 824 2774 universum
836 2709 878 2773 de
890 2709 990 2774 stellis
1003 2710 1168 2774 ‘erraticis'
1183 2710 1267 2776 etde
1279 2709 1411 2774 zodiaco
1423 2719 1544 2794 ageret,

149 2814 281 2897 eiusque
298 2815 390 2896 signa
406 2834 488 2897 quae
505 2822 613 2877 essent
628 2822 660 2878 01
676 2836 733 2878 001
748 2816 780 2878 10
793 2817 888 2878 001110
901 2814 1058 2879 collocata
1073 2823 1191 2897 essent,
1208 2824 1384 2897 enarraret,
1399 2817 1433 2879 in
1444 2815 1546 2878 altera

148 2925 240 3001 parte
255 2919 334 2982 item
350 2917 390 2981 de
407 2917 539 3003 reliquis
556 2919 716 2984 sideribus
732 2918 869 2983 similem
885 2921 1119 3005 expositionem
1135 2922 1365 3005 praemitteret.

251 3021 305 3086 Ad
315 3021 400 3086 hanc
413 3024 596 3107 opinionem
608 3021 692 3087 bene
706 3024 858 3087 convenit
871 3033 904 3088 01
916 3027 1048 3091 0010010
1056 3024 1235 3109 ‘Sphaerae
1250 3023 1450 3088 barbaricae’
1461 3023 1544 3106 frag-

148 3132 301 3206 mentum,
318 3147 370 3210 ap.
384 3125 476 3191 Serv.
489 3125 576 3191 Dan.
592 3126 634 3190 ad
648 3125 759 3210 Georg
769 3126 794 3208 I,
811 3127 860 3209 19,
878 3149 939 3212 quo
956 3129 997 3192 de
1013 3128 1210 3212 Triptolemo
1230 3128 1272 3192 ad
1289 3127 1436 3192 Aratoris
1457 3127 1545 3191 sidus

147 3228 312 3314 translato,
329 3238 360 3293 01
375 3252 475 3294 00010
492 3253 509 3294 0
526 3230 662 3313 duchac,
684 3253 767 3316 quae
784 3241 922 3315 exstant,
938 3232 1128 3317 fragmentis
1141 3231 1306 3317 Sphaerus
1321 3231 1543 3297 Graecanicae

147 3335 276 3397 nomine
298 3335 476 3420 inscriptis:
505 3358 556 3422 ap.
577 3334 669 3399 Serv.
689 3336 776 3399 Dan.
798 3336 841 3400 ad
861 3335 978 3421 Georg.
1000 3337 1026 3418 Ι,
1046 3337 1088 3401 43
1113 3337 1153 3401 de
1176 3337 1378 3423 aequinoctio
1409 3337 1542 3400 vernali.

149 3447 262 3501 contra
281 3460 346 3503 non
367 3438 452 3503 bene
468 3439 509 3504 ad
526 3461 598 3503 eam
615 3440 778 3524 quadrare
794 3424 925 3505 videtur
940 3441 1078 3506 alterum
1092 3441 1207 3506 horum
1223 3442 1478 3526 fragmentorum
1493 3464 1543 3526 ap.

149 3540 240 3605 Serv.
254 3542 340 3607 Dan.
353 3542 396 3606 ad
409 3540 528 3628 Georg.
541 3543 566 3621 I,
581 3544 658 3608 218:
680 3545 792 3608 ‘oritur
811 3547 898 3610 enim
918 3544 1074 3611 Canicula
1095 3567 1168 3611 cum
1189 3544 1327 3631 Cancro,
1345 3547 1379 3610 in
1399 3547 1546 3611 columen

148 3648 238 3710 veuit
257 3669 332 3710 cum
348 3645 503 3731 Geminis,
525 3648 644 3712 occidit
664 3672 739 3713 cum
758 3649 889 3732 Tauro’,
911 3653 1031 3737 quippe
1052 3651 1148 3736 quod,
1170 3672 1244 3714 cum
1264 3650 1306 3715 de
1326 3650 1434 3717 sidere
1453 3660 1546 3716 extra

254 3822 273 3888 ¹)
286 3822 346 3872 Hoc
358 3838 456 3873 nomen
469 3825 497 3872 in
510 3824 566 3874 solo
580 3823 681 3890 Nigidii
693 3825 845 3891 fragmento
859 3825 966 3891 legitur.

255 3909 274 3972 ²)
288 3909 357 3959 Vide
370 3912 450 3960 stiam
463 3911 629 3962 Haeblerum
643 3911 748 3962 ‘Astrol
760 3915 798 3964 im
811 3913 933 3963 Alterth.’
946 3931 971 3979 p.
984 3916 1015 3963 19
1028 3930 1065 3978 sq.
1091 3919 1185 3964 contra
1196 3914 1230 3964 de
1241 3913 1348 3964 Manilii
1360 3915 1465 3964 ratione
1476 3913 1546 3964 idem

149 4012 174 4061 p.
186 3998 280 4046 04010
294 3997 359 4046 ‘Der
367 3997 481 4048 Dichter
493 3998 551 4049 111111
564 3999 620 4049 sich
633 4003 829 4066 voraugswcise
842 4016 877 4051 an
890 4002 933 4051 die
946 4000 1362 4052 810101111ᾶο1(100111011101000
1376 3999 1433 4067 [sed
1444 4002 1549 4067 reliqua

148 4084 227 4148 signa
248 4098 418 4150 nequaquam
440 4084 570 4152 neglegit]
589 4086 644 4136 und
661 4085 739 4137 101101
755 4102 804 4137 000
820 4089 903 4138 ihnen
921 4089 964 4138 die
981 4088 1133 4139 natiirliche
1149 4087 1379 4150 Beschaffeuheit,
1401 4089 1484 4137 sowie
1505 4089 1547 4137 die

149 4169 305 4220 Schicksale
324 4170 369 4220 dor
381 4175 461 4222 untcr
473 4171 619 4223 denselben
632 4174 785 4239 geberonen
798 4175 945 4226 Menschen
958 4176 1001 4239 ab,
1018 4175 1063 4225 die
1074 4175 1206 4225 Planeten
1222 4175 1350 4224 kommen
1364 4173 1443 4223 dabei
1456 4177 1549 4224 woiter

148 4272 195 4321 gar
208 4257 282 4306 nicht
294 4259 322 4306 in
336 4259 469 4308 Betracht.
495 4260 617 4310 Insofern
629 4259 733 4310 scheint
753 4261 826 4311 diese
838 4262 989 4328 Astrologie
1006 4279 1041 4312 zu
1053 4262 1100 4312 der
1112 4262 1313 4326 Sterndeutung
1325 4261 1372 4313 der
1383 4261 1549 4325 Babylonier

150 4341 239 4409 [quam
254 4343 350 4395 Graeci
366 4343 546 4412 receperant]‚
571 4346 613 4396 dia
635 4348 715 4397 010011
738 4348 927 4414 iiberwiegsnd
948 4349 1165 4415 planetarischeu
1183 4347 1332 4399 Charakter
1349 4363 1385 4397 an
1404 4347 1463 4397 sich
1477 4354 1547 4414 trug,

150 4431 229 4478 einen
242 4433 373 4496 gewissen
387 4430 537 4498 Gegcnsatz
551 4449 584 4482 au
597 4432 705 4482 bilden'
727 4434 874 4498 simplicior
886 4435 1025 4486 duodecim
1038 4436 1141 4485 zodiaci
1153 4437 1290 4500 signorum
1303 4434 1454 4484 observatio
1467 4449 1548 4501 gens·

149 4515 261 4580 thliaca,
274 4517 360 4583 qualis
373 4520 445 4585 apud
457 4519 599 4570 Manilium
612 4521 675 4584 IIII,
687 4522 735 4570 122
746 4537 803 4587 sqq.
814 4524 959 4586 invenitur,
972 4523 1043 4589 apud
1051 4524 1198 4574 Firmicum
1212 4523 1320 4588 quidem
1334 4521 1369 4572 ad
1380 4521 1548 4572 barbaricam

148 4603 289 4670 sphaeram
305 4622 359 4656 non
373 4607 497 4672 pertinet.
523 4613 612 4658 utrum
625 4623 688 4658 vero
701 4609 825 4673 primitus
838 4609 891 4660 huc
903 4612 1062 4676 pertinuerit
1075 4625 1169 4674 necne,
1181 4612 1210 4659 in
1221 4609 1309 4659 medio
1322 4608 1455 4674 relinquo.
