3225 5092
1436 239 1497 304 135

20 459 21 462 ¹
109 428 157 510 13,
169 427 199 510 2,
213 427 229 490 7
248 429 387 492 ‘nomine
402 427 599 512 Herculem,
621 426 672 511 38,
684 427 715 512 2,
730 427 745 490 1
766 425 972 497 ‘Ariarathen
986 427 1135 510 nomine',
1154 428 1207 508 41,
1219 428 1250 512 5,
1264 431 1281 492 7
1299 430 1451 497 ‘Arsaces
1466 444 1498 498 et

107 534 173 618 ipse
193 532 341 614 nomine',
364 531 416 614 42,
428 531 459 612 4,
474 532 514 595 16
531 531 722 595 ‘Phrahates
741 530 891 612 nomine’,
914 530 966 612 43,
982 531 1009 611 1,
1023 530 1042 592 8
1059 531 1197 596 ‘nomine
1216 533 1343 617 Fatua',
1366 536 1419 622 43,
1435 536 1497 622 3,8

19 691 20 722 ,
109 637 245 701 ‘Nanum
259 637 409 701 nomine’.
438 637 492 721 qui
509 635 669 700 ablativus
685 657 882 720 quamquam
897 634 939 698 ab
955 634 1025 699 aliis
1042 657 1169 721 quoque
1185 638 1395 723 scriptoribus
1409 663 1500 706 usur·

19 743 20 780 1
107 751 209 827 patur,
230 764 250 804 a
265 742 395 804 nemine
412 750 519 805 tamen
536 740 738 825 frequentius
754 762 852 824 quam
870 739 913 804 ab
929 739 1059 804 Iustino.
1091 740 1209 805 deinde
1224 741 1402 809 ablativum
1421 745 1497 810 limi·

107 847 232 910 tationis
245 868 319 914 oum
332 844 501 910 adjectivis
514 847 720 909 coniunctum
736 845 928 926 invenimus,
945 842 1034 907 velut
1048 844 1078 926 2,
1092 846 1121 928 7,
1136 846 1174 909 11
1189 846 1351 912 ‘deformis
1364 849 1498 929 habitu',

107 948 157 1031 38,
170 948 199 1035 8,
213 949 232 1012 9
245 953 289 1014 ‘et
303 949 396 1013 vultu
412 949 564 1014 deformis
581 958 612 1012 et
628 958 750 1012 statura
766 948 896 1030 brevis',
912 948 964 1041 27,
976 949 1006 1029 3,
1020 948 1040 1011 2
1053 949 1188 1033 ‘integer
1203 953 1272 1036 ipse
1287 954 1430 1037 viribus',
1442 954 1500 1037 32,
1577 954 1585 1034 s

109 1054 136 1135 1,
153 1053 171 1115 9
188 1053 377 1118 ‘secundum
391 1105 396 1118 .
412 1103 419 1115 .
434 1105 440 1117 .
454 1054 588 1117 scientia
608 1051 760 1133 militari',
784 1052 815 1133 6,
831 1052 860 1133 2,
876 1051 897 1115 5
914 1053 1008 1138 ‘pede
1029 1049 1184 1136 claudus',
1208 1055 1238 1137 3,
1255 1056 1285 1134 5,
1301 1057 1322 1122 5
1339 1057 1500 1123 ‘claudum

106 1158 209 1243 pede’,
225 1158 282 1222 ubi
297 1179 361 1222 non
378 1168 426 1222 est
442 1158 528 1244 quod
544 1175 618 1222 666
634 1158 800 1223 Scheffero
817 1180 859 1220 ex
875 1158 903 1221 Τ
919 1180 1109 1223 revocemus
1125 1160 1251 1226 ‘claudo
1266 1162 1371 1247 pede’.
1402 1172 1500 1248 atque
1577 1164 1596 1242 ',

106 1285 149 1326 ex
170 1262 264 1327 huius
287 1262 440 1327 adiectivi
459 1261 609 1346 analogia
628 1262 770 1326 Iustinus
791 1261 928 1326 verbum
948 1261 1152 1327 ‘claudicare’
1174 1287 1248 1328 cum
1272 1266 1337 1330 6616
1358 1266 1500 1332 ablativo
1596 1340 1599 1344 A

106 1368 248 1431 iunxisse
270 1366 399 1432 videtur
422 1367 451 1448 6,
465 1367 528 1452 2,6
545 1367 669 1431 ‘melius
693 1389 764 1430 esse
787 1369 936 1450 ingressu
959 1389 1071 1451 regem
1091 1390 1188 1453 quam
1208 1371 1344 1455 imperio
1364 1393 1501 1455 regnum
1558 1364 1602 1402 5

106 1471 308 1554 claudicare',
333 1473 523 1558 discrepans
545 1494 618 1536 cum
640 1472 804 1537 Ciceronis
824 1462 899 1554 666,
923 1475 977 1557 qui
998 1475 1266 1558 praepositionem
1287 1476 1338 1538 ‘in'
1360 1475 1501 1554 ablativo

102 1577 284 1662 praefigere
300 1578 389 1642 solet.
418 1601 438 1642 a
449 1577 617 1641 meliorum
634 1579 827 1663 scriptorum
843 1599 990 1640 sermone
1006 1577 1147 1642 alienum
1162 1588 1211 1641 est
1226 1599 1354 1663 quoque
1370 1580 1501 1644 adiecti·
1591 1605 1597 1645 ι

103 1702 183 1744 vum
193 1680 324 1745 ‘sollers'
339 1703 413 1745 cum
429 1681 572 1748 ablativo
589 1683 796 1746 coniunctum
812 1680 842 1762 3,
856 1680 885 1765 8,
898 1681 918 1744 6
932 1681 1127 1746 ‘divitiarum
1140 1693 1276 1768 quaestu
1287 1704 1383 1767 quam
1400 1694 1502 1748 custo·
1594 1713 1601 1757 ,ς

103 1785 160 1850 dia
172 1785 347 1850 sollertior'.
371 1785 534 1849 interdum
546 1808 605 1870 per
616 1785 838 1870 pleonasmum
851 1784 1013 1850 ablativus
1024 1785 1194 1849 adiectivis
1206 1787 1402 1872 adiungitur,
1415 1788 1505 1852 velut
1521 1826 1524 1839 ι

105 1890 209 1975 praef.
227 1891 248 1952 4
268 1890 445 1976 ‘voluptate
468 1890 618 1954 iucunda'
642 1889 712 1976 (ubi
733 1890 809 1955 vide
830 1889 1085 1974 Fittbogenium)
1106 1899 1139 1953 et
1161 1891 1188 1976 1,
1208 1891 1236 1973 1,
1254 1892 1273 1955 6
1295 1893 1503 1978 ‘temporibus
1591 1916 1602 1972 ,τ

101 1995 321 2080 antiquiores’.
361 1995 499 2079 denique
523 1995 566 2060 ad
590 1995 768 2059 numeralia
790 1994 975 2078 similesque
998 1998 1142 2059 notiones
1167 1995 1328 2060 ablativus
1350 1997 1502 2061 ‘numero'
1582 1997 1602 2065 ’ἶ

102 2099 246 2163 accedit:
264 2099 294 2180 2,
306 2099 356 2184 10,
365 2099 408 2162 20
421 2099 476 2186 (de
489 2121 551 2185 quo
563 2099 633 2164 1666
646 2099 721 2163 vide
733 2099 906 2163 Ruehlium
919 2099 1055 2183 Testesq.
1064 2123 1097 2188 p.
1110 2098 1200 2185 128);
1219 2101 1268 2181 10,
1281 2101 1309 2185 1,
1320 2102 1353 2183 1;
1370 2101 1421 2184 33,
1434 2102 1463 2182 1,
1473 2101 1501 2166 2.
1586 2090 1590 2119 ⁵

603 2283 650 2337 De
665 2281 817 2336 ablativo
832 2280 1007 2348 temporis.

209 2411 263 2478 Ad
284 2412 504 2496 indicandum,
526 2434 588 2498 quo
609 2421 754 2498 tempore
779 2412 900 2497 aliquid
920 2414 1044 2477 factum
1063 2416 1113 2496 sit,
1138 2413 1280 2479 Iustinus
1302 2418 1385 2479 sicut
1405 2416 1505 2479 ceteri

106 2520 281 2604 scriptores
302 2517 389 2582 nudo
410 2519 511 2582 utitur
527 2518 668 2583 ablativo
689 2519 964 2583 substantivorum
978 2517 1141 2583 adtributo
1158 2519 1299 2604 quodam
1314 2520 1504 2607 plerumque
1573 2574 1575 2587 .
1601 2510 1602 2515 ¹

104 2631 303 2704 ornatorum,
325 2622 441 2706 quibus
461 2625 614 2708 temporis
634 2624 719 2687 notio
741 2624 932 2706 continetur,
954 2621 1043 2686 velut
1059 2627 1205 2708 tempus,
1230 2623 1307 2704 dies,
1324 2648 1398 2705 nox,
1415 2625 1504 2706 hora,

13 2739 15 2766 ¹
105 2726 314 2792 momentum’
339 2725 394 2790 al:
421 2726 448 2809 1,
471 2726 501 2811 6,
524 2726 544 2790 2
571 2727 773 2791 ‘antelucano
795 2726 962 2810 1666616,
986 2725 1123 2810 2,14,3
1147 2727 1313 2791 ‘matutino
1337 2729 1503 2813 tempore'.
1600 2780 1601 2787 ,

105 2821 283 2918 praecipue
305 2831 455 2896 notabilis
476 2841 525 2894 est
543 2830 661 2895 locutio
683 2831 799 2895 ‘medio
820 2830 973 2916 tempore’
997 2829 1026 2912 2,
1043 2831 1074 2913 4,
1094 2831 1126 2911 13
1147 2832 1177 2911 3,
1195 2831 1226 2913 2,
1240 2831 1273 2915 73
1290 2833 1320 2916 4,
1334 2833 1363 2914 3,
1379 2832 1406 2917 1,
1423 2854 1505 2917 quae

13 2985 15 3034 ,
107 2938 198 3001 idem
229 2935 317 3002 valet
343 2945 441 3021 atque
476 2937 618 3000 ‘interea’
654 2944 687 2998 et
712 2934 800 3020 apud
826 2934 997 3000 nonnullos
1024 2956 1150 3019 quoque
1177 2938 1361 3020 posterioris
1390 2939 1506 3003 aetatis

108 3044 284 3127 scriptores
305 3041 481 3122 invenitur,
503 3041 543 3105 cf.
562 3039 728 3104 8661161.
747 3039 798 3120 76,
816 3037 884 3104 Cal.
902 3039 954 3121 25,
972 3038 1085 3104 Claud.
1103 3039 1154 3103 24.
1186 3041 1250 3104 huo
1270 3063 1365 3126 porro
1386 3041 1507 3107 referas
1599 3086 1600 3125 ,

109 3145 140 3228 2,
156 3145 205 3228 14,
218 3145 448 3209 9‘meridianis
472 3144 559 3209 horis
570 3195 576 3206 .
588 3195 594 3208 .
606 3195 612 3207 .
623 3142 715 3208 brevi
739 3143 893 3208 horarum
913 3145 1095 3226 momento’,
1115 3144 1146 3226 5,
1160 3144 1189 3222 7,
1203 3144 1222 3207 6
1240 3148 1376 3230 ‘perpeti
1391 3147 1507 3228 nocte’,

111 3249 163 3332 18,
175 3251 204 3332 3,
219 3250 388 3315 lO‘medio
404 3248 528 3314 noctis'.
547 3248 664 3312 deinde
680 3248 743 3314 alia
756 3248 959 3312 substantiva
971 3251 1004 3312 in
1017 3248 1158 3313 ablativo
1170 3253 1323 3335 temporis
1336 3260 1506 3335 ponuntur,
1598 3318 1599 3323 ,

13 3405 15 3422 .
112 3376 194 3439 quae
217 3365 343 3419 certum
367 3353 530 3439 quoddam
554 3363 680 3438 tempus
700 3375 759 3438 per
782 3375 817 3418 se
839 3375 903 3417 non
927 3354 1118 3437 significant,
1142 3352 1230 3418 velut
1254 3354 1303 3437 12,
1324 3356 1373 3437 16,
1391 3357 1413 3418 4
1429 3359 1508 3441 ‘ipso
1598 3426 1599 3429 ,

13 3473 14 3536 ζ
113 3460 205 3544 ortu’,
220 3459 273 3541 22,
287 3457 317 3541 8,
330 3459 350 3522 3
367 3461 480 3545 ‘primo
496 3458 661 3540 adventu',
678 3458 730 3539 31,
744 3459 773 3542 7,
786 3459 821 3540 43
839 3458 890 3539 38,
903 3458 933 3541 3,
947 3459 967 3522 3
981 3460 1125 3543 primo..
1137 3510 1143 3522 .
1154 3458 1318 3524 adventu’.

215 3564 324 3628 Etiam
337 3565 369 3626 in
382 3563 543 3628 aetatibus
555 3563 720 3627 hominurn
732 3561 953 3647 significandis
964 3561 1106 3627 Iustinus
1118 3565 1164 3627 ita
1175 3566 1252 3648 agit,
1268 3574 1304 3628 ut
1316 3567 1509 3650 optimorum

116 3670 306 3753 scriptorum
320 3691 396 3732 usus
412 3670 570 3733 rationem
586 3667 715 3732 habeat.
739 3666 827 3731 nudo
844 3668 929 3731 enim
946 3669 1045 3731 utitur
1060 3667 1213 3750 ablativo,
1228 3671 1256 3732 si
1270 3669 1509 3733 substantivum
1597 3698 1598 3731 1

13 3753 14 3832 Ῐ
117 3775 320 3837 6661666166
340 3782 389 3836 661
410 3795 484 3838 666
503 3772 673 3838 6111661116.
702 3770 789 3856 quod
811 3773 837 3835 si
852 3770 956 3853 abest,
977 3774 1173 3858 praepositio
1190 3773 1241 3836 ‘in’
1261 3772 1403 3838 ablativo
1419 3795 1509 3858 prae-

114 3875 234 3960 figitur:
258 3877 311 3959 41,
330 3875 361 3958 5,
381 3875 402 3940 5
425 3885 560 3942 ‘matura
583 3878 768 3958 senectute',
796 3875 849 3957 41,
870 3876 900 3958 6,
921 3876 940 3940 9
967 3875 1116 3959 ‘gloriosa
1144 3878 1328 3959 senectute’,
1359 3877 1409 3958 11,
1436 3878 1464 3962 1,
1489 3877 1508 3940 9

120 3981 162 4044 ‘in
189 4005 251 4067 qua
283 3981 410 4063 aetate’,
445 3982 494 4064 17,
529 3983 556 4064 l,
590 3982 634 4044 11
665 3983 708 4046 ‘in
734 3980 796 4044 hac
828 3981 955 4045 aetate'.
1009 3981 1094 4048 hanc
1125 3983 1395 4067 praepositionem
1422 3982 1509 4046 adhi-

120 4083 185 4148 beri
212 4088 415 4152 notissimum
445 4097 502 4169 est,
538 4086 594 4151 ubi
624 4107 687 4151 non
722 4095 851 4170 tempus
886 4087 1002 4171 ipsum,
1045 4086 1103 4150 sed
1133 4089 1287 4172 temporis
1321 4087 1510 4170 designatur

125 4189 274 4256 condicio.
317 4190 435 4255 locutio
466 4192 564 4274 igitur
594 4189 648 4254 illa
676 4192 717 4253 ‘in
750 4190 903 4274 tempore'
940 4189 1028 4253 idem
1062 4190 1172 4254 valere
1207 4190 1287 4255 66161
1322 4190 1407 4275 quod
1443 4193 1510 4255 ‘suo

126 4296 270 4382 tempore'
286 4297 307 4359 i.
322 4317 349 4358 6.
364 4296 456 4360 ‘iusto
477 4303 510 4358 et
529 4304 707 4382 opportuno
728 4294 896 4380 tempore'.
931 4293 989 4358 sed
1011 4294 1096 4380 apud
1117 4294 1193 4360 Iust.
1218 4295 1320 4380 praef.
1339 4295 1359 4357 6
1381 4294 1513 4360 ‘sufficit

126 4397 196 4461 mihi
222 4403 254 4465 in
280 4410 427 4486 tempore
449 4401 605 4466 iudicium
628 4411 734 4482 tunm,
766 4399 854 4485 apud
881 4400 1267 4484 posteros...industriae
1295 4403 1512 4466 testimonium
1587 4383 1593 4399 ³

127 4496 286 4587 habituro',
299 4529 316 4571 6
329 4504 449 4588 verbis,
463 4527 546 4592 quae
559 4506 706 4591 opposita
718 4514 802 4581 sunt,
817 4503 915 4589 ‘apud
927 4504 1080 4589 posteros’
1093 4504 1291 4588 intellegitur
1304 4507 1346 4569 ‘in
1359 4507 1511 4592 tempore’

130 4605 300 4689 significare
323 4610 633 4695 ί1611661666616.
665 4633 739 4674 cum
761 4620 871 4674 autem
895 4610 980 4674 hanc
1005 4609 1272 4694 significationem
1295 4610 1445 4676 locutioni
1470 4613 1513 4675 ‘in
