<?xml version="1.0" encoding="UTF-8"?>
<!DOCTYPE html PUBLIC "-//W3C//DTD XHTML 1.0 Transitional//EN"
    "http://www.w3.org/TR/xhtml1/DTD/xhtml1-transitional.dtd">
<html xmlns="http://www.w3.org/1999/xhtml" xml:lang="en" lang="en">
 <head>
  <title>
</title>
<meta http-equiv="Content-Type" content="text/html;charset=utf-8" />
  <meta name='ocr-system' content='tesseract 3.04.00' />
  <meta name='ocr-capabilities' content='ocr_page ocr_carea ocr_par ocr_line ocrx_word'/>
</head>
<body>
  <div class='ocr_page' id='page_1' title='image "./dissertationesp06wiengoog_0216.png"; bbox 0 0 3225 5092; ppageno 0'>
   <div class='ocr_carea' id='block_1_1' title="bbox 1478 249 1541 313">
    <p class='ocr_par' dir='ltr' id='par_1_1' title="bbox 1478 249 1541 313">
     <span class='ocr_line' id='line_1_1' title="bbox 1478 249 1541 313; baseline 0 0"><span class='ocrx_word' id='word_1_1' title='bbox 1478 249 1541 313; x_wconf 78' lang='lat'><strong>205</strong></span> 
     </span>
    </p>
   </div>
   <div class='ocr_carea' id='block_1_2' title="bbox 67 432 1540 3865">
    <p class='ocr_par' dir='ltr' id='par_1_2' title="bbox 145 432 1540 523">
     <span class='ocr_line' id='line_1_2' title="bbox 145 432 1540 523; baseline 0.006 -26"><span class='ocrx_word' id='word_1_2' title='bbox 145 434 309 497; x_wconf 89' lang='lat' dir='ltr'><strong>iunctione</strong></span> <span class='ocrx_word' id='word_1_3' title='bbox 318 432 505 498; x_wconf 79' lang='lat' dir='ltr'>conclusiva</span> <span class='ocrx_word' id='word_1_4' title='bbox 516 433 639 516; x_wconf 88' lang='lat' dir='ltr'><strong>habuit,</strong></span> <span class='ocrx_word' id='word_1_5' title='bbox 648 455 710 497; x_wconf 92' lang='lat' dir='ltr'><strong>nec</strong></span> <span class='ocrx_word' id='word_1_6' title='bbox 719 434 803 499; x_wconf 92' lang='lat' dir='ltr'><strong>bene</strong></span> <span class='ocrx_word' id='word_1_7' title='bbox 811 434 913 517; x_wconf 90' lang='lat' dir='ltr'><strong>multi,</strong></span> <span class='ocrx_word' id='word_1_8' title='bbox 923 438 978 520; x_wconf 92' lang='lat' dir='ltr'><strong>qui</strong></span> <span class='ocrx_word' id='word_1_9' title='bbox 988 434 1347 522; x_wconf 85' lang='lat' dir='ltr'><strong>Thucydidishistorias</strong></span> <span class='ocrx_word' id='word_1_10' title='bbox 1360 438 1540 523; x_wconf 86' lang='lat' dir='ltr'><strong>ediderunt,</strong></span> 
     </span>
    </p>

    <p class='ocr_par' dir='ltr' id='par_1_3' title="bbox 67 536 1540 1439">
     <span class='ocr_line' id='line_1_3' title="bbox 146 536 1539 622; baseline 0.006 -23"><span class='ocrx_word' id='word_1_11' title='bbox 146 536 195 599; x_wconf 95' lang='lat' dir='ltr'><strong>VI</strong></span> <span class='ocrx_word' id='word_1_12' title='bbox 211 536 263 622; x_wconf 84' lang='lat'><strong>89,</strong></span> <span class='ocrx_word' id='word_1_13' title='bbox 280 536 485 603; x_wconf 77' lang='lat' dir='ltr'><strong>2Reiskium</strong></span> <span class='ocrx_word' id='word_1_14' title='bbox 499 539 602 602; x_wconf 91' lang='lat' dir='ltr'><strong>secuti</strong></span> <span class='ocrx_word' id='word_1_15' title='bbox 619 537 767 603; x_wconf 92' lang='lat' dir='ltr'><strong>codicum</strong></span> <span class='ocrx_word' id='word_1_16' title='bbox 778 537 951 603; x_wconf 89' lang='lat' dir='ltr'><strong>lectionem</strong></span> <span class='ocrx_word' id='word_1_17' title='bbox 968 542 1078 617; x_wconf 79' lang='grc' dir='ltr'>δ’ἡμών</span> <span class='ocrx_word' id='word_1_18' title='bbox 1094 542 1127 604; x_wconf 93' lang='lat' dir='ltr'><strong>in</strong></span> <span class='ocrx_word' id='word_1_19' title='bbox 1144 545 1178 619; x_wconf 78' lang='grc' dir='ltr'><strong>δὴ</strong></span> <span class='ocrx_word' id='word_1_20' title='bbox 1195 545 1268 619; x_wconf 83' lang='grc' dir='ltr'>ἐμῶν</span> <span class='ocrx_word' id='word_1_21' title='bbox 1279 544 1539 609; x_wconf 81' lang='lat' dir='ltr'><strong>immutaverunt.</strong></span> 
     </span>
     <span class='ocr_line' id='line_1_4' title="bbox 67 638 1540 728; baseline 0.006 -23"><span class='ocrx_word' id='word_1_22' title='bbox 67 638 69 642; x_wconf 71' lang='grc'><strong>’</strong></span> <span class='ocrx_word' id='word_1_23' title='bbox 250 643 367 708; x_wconf 82' lang='lat' dir='ltr'><strong>Rarius</strong></span> <span class='ocrx_word' id='word_1_24' title='bbox 383 644 480 707; x_wconf 89' lang='lat' dir='ltr'><strong>etiam</strong></span> <span class='ocrx_word' id='word_1_25' title='bbox 495 664 593 728; x_wconf 90' lang='lat' dir='ltr'><strong>quam</strong></span> <span class='ocrx_word' id='word_1_26' title='bbox 609 642 821 727; x_wconf 80' lang='lat' dir='ltr'><strong>Thucydides</strong></span> <span class='ocrx_word' id='word_1_27' title='bbox 837 644 996 728; x_wconf 90' lang='lat' dir='ltr'><strong>particula</strong></span> <span class='ocrx_word' id='word_1_28' title='bbox 1012 647 1045 723; x_wconf 77' lang='grc' dir='ltr'><strong>δή</strong></span> <span class='ocrx_word' id='word_1_29' title='bbox 1061 644 1129 711; x_wconf 92' lang='lat' dir='ltr'><strong>sola</strong></span> <span class='ocrx_word' id='word_1_30' title='bbox 1143 647 1178 709; x_wconf 92' lang='lat' dir='ltr'><strong>in</strong></span> <span class='ocrx_word' id='word_1_31' title='bbox 1193 647 1282 711; x_wconf 90' lang='lat' dir='ltr'><strong>initio</strong></span> <span class='ocrx_word' id='word_1_32' title='bbox 1299 650 1540 714; x_wconf 90' lang='lat' dir='ltr'><strong>enuntiatorum</strong></span> 
     </span>
     <span class='ocr_line' id='line_1_5' title="bbox 146 746 1540 837; baseline 0.004 -26"><span class='ocrx_word' id='word_1_33' title='bbox 146 768 223 811; x_wconf 90' lang='lat' dir='ltr'><strong>usus</strong></span> <span class='ocrx_word' id='word_1_34' title='bbox 239 755 288 811; x_wconf 91' lang='lat' dir='ltr'><strong>est</strong></span> <span class='ocrx_word' id='word_1_35' title='bbox 302 746 479 833; x_wconf 80' lang='lat' dir='ltr'><strong>Antiphon,</strong></span> <span class='ocrx_word' id='word_1_36' title='bbox 500 750 534 812; x_wconf 94' lang='lat' dir='ltr'><strong>in</strong></span> <span class='ocrx_word' id='word_1_37' title='bbox 550 748 640 811; x_wconf 89' lang='lat' dir='ltr'><strong>cuius</strong></span> <span class='ocrx_word' id='word_1_38' title='bbox 656 769 714 812; x_wconf 83' lang='lat' dir='ltr'><strong>sex</strong></span> <span class='ocrx_word' id='word_1_39' title='bbox 730 747 938 834; x_wconf 89' lang='lat' dir='ltr'><strong>orationibus,</strong></span> <span class='ocrx_word' id='word_1_40' title='bbox 955 750 981 813; x_wconf 92' lang='lat' dir='ltr'><strong>si</strong></span> <span class='ocrx_word' id='word_1_41' title='bbox 1001 771 1055 813; x_wconf 91' lang='lat' dir='ltr'><strong>eos</strong></span> <span class='ocrx_word' id='word_1_42' title='bbox 1076 748 1161 815; x_wconf 91' lang='lat' dir='ltr'><strong>locos</strong></span> <span class='ocrx_word' id='word_1_43' title='bbox 1182 752 1365 837; x_wconf 88' lang='lat' dir='ltr'><strong>omittimus,</strong></span> <span class='ocrx_word' id='word_1_44' title='bbox 1383 754 1437 837; x_wconf 93' lang='lat' dir='ltr'><strong>qui</strong></span> <span class='ocrx_word' id='word_1_45' title='bbox 1451 762 1540 818; x_wconf 90' lang='lat' dir='ltr'><strong>recte</strong></span> 
     </span>
     <span class='ocr_line' id='line_1_6' title="bbox 146 849 1539 939; baseline 0.004 -24"><span class='ocrx_word' id='word_1_46' title='bbox 146 849 189 915; x_wconf 90' lang='lat' dir='ltr'><strong>ab</strong></span> <span class='ocrx_word' id='word_1_47' title='bbox 204 850 275 915; x_wconf 88' lang='lat' dir='ltr'><strong>aliis</strong></span> <span class='ocrx_word' id='word_1_48' title='bbox 290 853 356 915; x_wconf 90' lang='lat' dir='ltr'><strong>iam</strong></span> <span class='ocrx_word' id='word_1_49' title='bbox 370 852 535 916; x_wconf 87' lang='lat' dir='ltr'><strong>emendati</strong></span> <span class='ocrx_word' id='word_1_50' title='bbox 550 861 624 916; x_wconf 91' lang='lat' dir='ltr'><strong>sunt</strong></span> <span class='ocrx_word' id='word_1_51' title='bbox 639 850 711 938; x_wconf 84' lang='grc' dir='ltr'><strong>(Πα</strong></span> <span class='ocrx_word' id='word_1_52' title='bbox 726 852 757 934; x_wconf 82' lang='grc'><strong>3,</strong></span> <span class='ocrx_word' id='word_1_53' title='bbox 773 851 804 914; x_wconf 93' lang='lat' dir='ltr'>V</span> <span class='ocrx_word' id='word_1_54' title='bbox 820 851 872 937; x_wconf 79' lang='lat'><strong>49,</strong></span> <span class='ocrx_word' id='word_1_55' title='bbox 890 852 940 935; x_wconf 80' lang='lat'><strong>73,</strong></span> <span class='ocrx_word' id='word_1_56' title='bbox 956 854 1141 937; x_wconf 85' lang='lat' dir='ltr'><strong>nuperrime</strong></span> <span class='ocrx_word' id='word_1_57' title='bbox 1153 854 1225 918; x_wconf 80' lang='lat' dir='ltr'><strong>IIIa</strong></span> <span class='ocrx_word' id='word_1_58' title='bbox 1238 855 1258 918; x_wconf 80' lang='lat'>9</span> <span class='ocrx_word' id='word_1_59' title='bbox 1271 877 1290 918; x_wconf 91' lang='lat' dir='ltr'><strong>a</strong></span> <span class='ocrx_word' id='word_1_60' title='bbox 1301 855 1451 939; x_wconf 88' lang='lat' dir='ltr'><strong>Kohmio,</strong></span> <span class='ocrx_word' id='word_1_61' title='bbox 1463 857 1539 921; x_wconf 92' lang='lat' dir='ltr'><strong>Mel.</strong></span> 
     </span>
     <span class='ocr_line' id='line_1_7' title="bbox 146 955 1539 1045; baseline 0.004 -26"><span class='ocrx_word' id='word_1_62' title='bbox 146 956 288 1022; x_wconf 90' lang='lat' dir='ltr'><strong>Vindob.</strong></span> <span class='ocrx_word' id='word_1_63' title='bbox 305 955 389 1020; x_wconf 87' lang='lat' dir='ltr'>VIII</span> <span class='ocrx_word' id='word_1_64' title='bbox 404 955 472 1042; x_wconf 82' lang='lat'><strong>46),</strong></span> <span class='ocrx_word' id='word_1_65' title='bbox 489 956 553 1021; x_wconf 89' lang='lat' dir='ltr'><strong>duo</strong></span> <span class='ocrx_word' id='word_1_66' title='bbox 568 957 768 1021; x_wconf 89' lang='lat' dir='ltr'><strong>relincuntur</strong></span> <span class='ocrx_word' id='word_1_67' title='bbox 783 957 861 1021; x_wconf 91' lang='lat' dir='ltr'><strong>loci:</strong></span> <span class='ocrx_word' id='word_1_68' title='bbox 878 957 1008 1039; x_wconf 57' lang='lat'><em>111172</em></span> <span class='ocrx_word' id='word_1_69' title='bbox 1024 960 1057 1035; x_wconf 77' lang='grc' dir='ltr'><strong>δή</strong></span> <span class='ocrx_word' id='word_1_70' title='bbox 1073 967 1147 1045; x_wconf 91' lang='lat' dir='ltr'><strong>post</strong></span> <span class='ocrx_word' id='word_1_71' title='bbox 1161 961 1388 1044; x_wconf 90' lang='lat' dir='ltr'><strong>imperativum</strong></span> <span class='ocrx_word' id='word_1_72' title='bbox 1404 969 1436 1024; x_wconf 90' lang='lat' dir='ltr'><strong>et</strong></span> <span class='ocrx_word' id='word_1_73' title='bbox 1451 961 1483 1026; x_wconf 93' lang='lat' dir='ltr'>V</span> <span class='ocrx_word' id='word_1_74' title='bbox 1501 961 1539 1025; x_wconf 89' lang='lat'><strong>19</strong></span> 
     </span>
     <span class='ocr_line' id='line_1_8' title="bbox 147 1060 1540 1145; baseline 0.004 -24"><span class='ocrx_word' id='word_1_75' title='bbox 147 1060 242 1122; x_wconf 77' lang='grc' dir='ltr'>οθτωσὶ</span> <span class='ocrx_word' id='word_1_76' title='bbox 257 1063 308 1138; x_wconf 86' lang='grc' dir='ltr'><strong>μὲν</strong></span> <span class='ocrx_word' id='word_1_77' title='bbox 324 1063 359 1140; x_wconf 77' lang='grc' dir='ltr'><strong>δὴ</strong></span> <span class='ocrx_word' id='word_1_78' title='bbox 373 1064 491 1135; x_wconf 83' lang='grc' dir='ltr'>πολλοῖς</span> <span class='ocrx_word' id='word_1_79' title='bbox 508 1062 677 1135; x_wconf 80' lang='grc' dir='ltr'>ἐλασσωθεὶς</span> <span class='ocrx_word' id='word_1_80' title='bbox 691 1070 744 1123; x_wconf 82' lang='grc' dir='ltr'><strong>τῶν</strong></span> <span class='ocrx_word' id='word_1_81' title='bbox 760 1067 851 1139; x_wconf 74' lang='grc' dir='ltr'>νόμων</span> <span class='ocrx_word' id='word_1_82' title='bbox 867 1070 919 1123; x_wconf 86' lang='grc' dir='ltr'><strong>τών</strong></span> <span class='ocrx_word' id='word_1_83' title='bbox 934 1064 1071 1145; x_wconf 83' lang='grc' dir='ltr'>ὑμετέρων</span> <span class='ocrx_word' id='word_1_84' title='bbox 1087 1064 1194 1126; x_wconf 83' lang='grc' dir='ltr'>καὶτοῦ</span> <span class='ocrx_word' id='word_1_85' title='bbox 1211 1066 1315 1126; x_wconf 77' lang='grc' dir='ltr'>δικαίου</span> <span class='ocrx_word' id='word_1_86' title='bbox 1331 1069 1486 1143; x_wconf 73' lang='grc' dir='ltr'>καθέστηκα</span> <span class='ocrx_word' id='word_1_87' title='bbox 1502 1066 1540 1141; x_wconf 85' lang='grc' dir='ltr'><strong>εἰς</strong></span> 
     </span>
     <span class='ocr_line' id='line_1_9' title="bbox 145 1167 1540 1255; baseline 0.006 -28"><span class='ocrx_word' id='word_1_88' title='bbox 145 1168 191 1227; x_wconf 82' lang='grc' dir='ltr'><strong>τὀν</strong></span> <span class='ocrx_word' id='word_1_89' title='bbox 211 1167 322 1246; x_wconf 80' lang='grc' dir='ltr'><strong>ώγώναΙ</strong></span> <span class='ocrx_word' id='word_1_90' title='bbox 346 1170 422 1242; x_wconf 83' lang='grc' dir='ltr'>ὅμως</span> <span class='ocrx_word' id='word_1_91' title='bbox 447 1171 537 1243; x_wconf 80' lang='grc' dir='ltr'>μέντοι</span> <span class='ocrx_word' id='word_1_92' title='bbox 559 1190 593 1248; x_wconf 92' lang='grc' dir='ltr'><strong>γε</strong></span> <span class='ocrx_word' id='word_1_93' title='bbox 613 1167 660 1228; x_wconf 80' lang='grc' dir='ltr'><strong>καὶ</strong></span> <span class='ocrx_word' id='word_1_94' title='bbox 680 1168 712 1227; x_wconf 87' lang='grc' dir='ltr'><strong>ἐκ</strong></span> <span class='ocrx_word' id='word_1_95' title='bbox 731 1170 830 1229; x_wconf 74' lang='grc' dir='ltr'>τούτων</span> <span class='ocrx_word' id='word_1_96' title='bbox 854 1172 1018 1248; x_wconf 79' lang='grc' dir='ltr'>πειράσομαι</span> <span class='ocrx_word' id='word_1_97' title='bbox 1038 1170 1153 1246; x_wconf 67' lang='grc' dir='ltr'>ἐμαυταν</span> <span class='ocrx_word' id='word_1_98' title='bbox 1175 1171 1291 1231; x_wconf 83' lang='grc' dir='ltr'>ἀναίτιον</span> <span class='ocrx_word' id='word_1_99' title='bbox 1315 1170 1447 1244; x_wconf 79' lang='grc' dir='ltr'>ἐπιδεῖξαι</span> <span class='ocrx_word' id='word_1_100' title='bbox 1453 1221 1462 1255; x_wconf 88' lang='grc'>,</span> <span class='ocrx_word' id='word_1_101' title='bbox 1485 1172 1540 1254; x_wconf 89' lang='lat' dir='ltr'><strong>qui</strong></span> 
     </span>
     <span class='ocr_line' id='line_1_10' title="bbox 145 1264 1540 1359; baseline 0.003 -27"><span class='ocrx_word' id='word_1_102' title='bbox 145 1269 235 1334; x_wconf 89' lang='lat' dir='ltr'><strong>locus</strong></span> <span class='ocrx_word' id='word_1_103' title='bbox 247 1270 333 1334; x_wconf 92' lang='lat' dir='ltr'><strong>omni</strong></span> <span class='ocrx_word' id='word_1_104' title='bbox 350 1280 500 1356; x_wconf 88' lang='lat' dir='ltr'><strong>exparte</strong></span> <span class='ocrx_word' id='word_1_105' title='bbox 516 1271 628 1335; x_wconf 91' lang='lat' dir='ltr'><strong>similis</strong></span> <span class='ocrx_word' id='word_1_106' title='bbox 643 1264 692 1334; x_wconf 84' lang='lat' dir='ltr'><strong>est</strong></span> <span class='ocrx_word' id='word_1_107' title='bbox 706 1270 783 1353; x_wconf 90' lang='lat' dir='ltr'><strong>illis,</strong></span> <span class='ocrx_word' id='word_1_108' title='bbox 801 1293 881 1356; x_wconf 89' lang='lat' dir='ltr'><strong>quos</strong></span> <span class='ocrx_word' id='word_1_109' title='bbox 897 1281 930 1336; x_wconf 90' lang='lat' dir='ltr'><strong>et</strong></span> <span class='ocrx_word' id='word_1_110' title='bbox 945 1272 1033 1357; x_wconf 88' lang='lat' dir='ltr'><strong>apud</strong></span> <span class='ocrx_word' id='word_1_111' title='bbox 1049 1273 1249 1339; x_wconf 89' lang='lat' dir='ltr'><strong>Herodotum</strong></span> <span class='ocrx_word' id='word_1_112' title='bbox 1264 1283 1295 1337; x_wconf 90' lang='lat' dir='ltr'><strong>et</strong></span> <span class='ocrx_word' id='word_1_113' title='bbox 1312 1272 1540 1359; x_wconf 83' lang='lat' dir='ltr'><strong>Thucydidem</strong></span> 
     </span>
     <span class='ocr_line' id='line_1_11' title="bbox 146 1374 690 1439; baseline 0.002 -2"><span class='ocrx_word' id='word_1_114' title='bbox 146 1375 288 1438; x_wconf 83' lang='lat' dir='ltr'><strong>maxime</strong></span> <span class='ocrx_word' id='word_1_115' title='bbox 304 1376 439 1439; x_wconf 88' lang='lat' dir='ltr'><strong>usitatos</strong></span> <span class='ocrx_word' id='word_1_116' title='bbox 455 1397 526 1438; x_wconf 91' lang='lat' dir='ltr'><strong>esse</strong></span> <span class='ocrx_word' id='word_1_117' title='bbox 541 1374 690 1438; x_wconf 78' lang='lat' dir='ltr'><strong>vidimus,</strong></span> 
     </span>
    </p>

    <p class='ocr_par' dir='ltr' id='par_1_4' title="bbox 144 1477 1540 2819">
     <span class='ocr_line' id='line_1_12' title="bbox 248 1477 1540 1566; baseline 0.002 -25"><span class='ocrx_word' id='word_1_118' title='bbox 248 1478 278 1541; x_wconf 85' lang='lat' dir='ltr'>E</span> <span class='ocrx_word' id='word_1_119' title='bbox 293 1477 401 1544; x_wconf 92' lang='lat' dir='ltr'><strong>libello</strong></span> <span class='ocrx_word' id='word_1_120' title='bbox 421 1479 462 1543; x_wconf 88' lang='lat' dir='ltr'><strong>de</strong></span> <span class='ocrx_word' id='word_1_121' title='bbox 481 1501 517 1543; x_wconf 91' lang='lat' dir='ltr'><strong>re</strong></span> <span class='ocrx_word' id='word_1_122' title='bbox 537 1477 670 1566; x_wconf 92' lang='lat' dir='ltr'><strong>publica</strong></span> <span class='ocrx_word' id='word_1_123' title='bbox 685 1477 934 1543; x_wconf 84' lang='lat' dir='ltr'><strong>Atheniensium</strong></span> <span class='ocrx_word' id='word_1_124' title='bbox 950 1502 1032 1544; x_wconf 92' lang='lat' dir='ltr'><strong>unus</strong></span> <span class='ocrx_word' id='word_1_125' title='bbox 1045 1478 1136 1545; x_wconf 91' lang='lat' dir='ltr'><strong>locus</strong></span> <span class='ocrx_word' id='word_1_126' title='bbox 1151 1481 1215 1545; x_wconf 91' lang='lat' dir='ltr'><strong>huc</strong></span> <span class='ocrx_word' id='word_1_127' title='bbox 1230 1484 1371 1566; x_wconf 86' lang='lat' dir='ltr'><strong>pertinet</strong></span> <span class='ocrx_word' id='word_1_128' title='bbox 1381 1480 1433 1544; x_wconf 93' lang='lat' dir='ltr'><strong>III</strong></span> <span class='ocrx_word' id='word_1_129' title='bbox 1450 1480 1470 1545; x_wconf 80' lang='lat'><strong>2</strong></span> <span class='ocrx_word' id='word_1_130' title='bbox 1486 1481 1540 1564; x_wconf 84' lang='grc' dir='ltr'><strong>ἆρα</strong></span> 
     </span>
     <span class='ocr_line' id='line_1_13' title="bbox 147 1581 1540 1669; baseline 0.002 -26"><span class='ocrx_word' id='word_1_131' title='bbox 147 1584 181 1659; x_wconf 83' lang='grc' dir='ltr'><strong>δή</strong></span> <span class='ocrx_word' id='word_1_132' title='bbox 196 1606 220 1644; x_wconf 84' lang='grc' dir='ltr'><strong>τι</strong></span> <span class='ocrx_word' id='word_1_133' title='bbox 235 1582 388 1661; x_wconf 78' lang='grc' dir='ltr'>θαυμαστόν</span> <span class='ocrx_word' id='word_1_134' title='bbox 405 1588 474 1645; x_wconf 81' lang='grc' dir='ltr'>ἐστιν</span> <span class='ocrx_word' id='word_1_135' title='bbox 491 1585 514 1645; x_wconf 87' lang='grc' dir='ltr'><strong>εἰ</strong></span> <span class='ocrx_word' id='word_1_136' title='bbox 529 1587 660 1646; x_wconf 82' lang='grc' dir='ltr'>τοσούτων</span> <span class='ocrx_word' id='word_1_137' title='bbox 681 1587 856 1666; x_wconf 82' lang='grc' dir='ltr'>ὑπαρχόντων</span> <span class='ocrx_word' id='word_1_138' title='bbox 875 1584 1043 1668; x_wconf 74' lang='grc' dir='ltr'>πραγμάτων</span> <span class='ocrx_word' id='word_1_139' title='bbox 1059 1587 1097 1663; x_wconf 86' lang='grc' dir='ltr'><strong>μὴ</strong></span> <span class='ocrx_word' id='word_1_140' title='bbox 1114 1581 1166 1647; x_wconf 81' lang='grc' dir='ltr'>οἷσί</span> <span class='ocrx_word' id='word_1_141' title='bbox 1184 1589 1208 1647; x_wconf 81' lang='grc' dir='ltr'><strong>τ’</strong></span> <span class='ocrx_word' id='word_1_142' title='bbox 1221 1586 1272 1648; x_wconf 84' lang='grc' dir='ltr'>εἰσὶ</span> <span class='ocrx_word' id='word_1_143' title='bbox 1291 1594 1369 1648; x_wconf 84' lang='grc' dir='ltr'>πᾶσιν</span> <span class='ocrx_word' id='word_1_144' title='bbox 1390 1590 1540 1669; x_wconf 81' lang='grc' dir='ltr'>ἀνθρώποις</span> 
     </span>
     <span class='ocr_line' id='line_1_14' title="bbox 145 1688 1537 1774; baseline 0.004 -26"><span class='ocrx_word' id='word_1_145' title='bbox 145 1690 312 1770; x_wconf 81' lang='grc' dir='ltr'>χρηματίσαι</span> <span class='ocrx_word' id='word_1_146' title='bbox 317 1713 329 1769; x_wconf 88' lang='grc'><strong>,·</strong></span> <span class='ocrx_word' id='word_1_147' title='bbox 345 1690 458 1769; x_wconf 82' lang='grc' dir='ltr'>λέγουσι</span> <span class='ocrx_word' id='word_1_148' title='bbox 473 1691 506 1750; x_wconf 80' lang='grc' dir='ltr'><strong>δέ</strong></span> <span class='ocrx_word' id='word_1_149' title='bbox 524 1712 594 1763; x_wconf 80' lang='grc' dir='ltr'>τινες</span> <span class='ocrx_word' id='word_1_150' title='bbox 614 1710 693 1773; x_wconf 80' lang='lat' dir='ltr'><strong>eqa,</strong></span> <span class='ocrx_word' id='word_1_151' title='bbox 709 1690 764 1773; x_wconf 90' lang='lat' dir='ltr'><strong>qui</strong></span> <span class='ocrx_word' id='word_1_152' title='bbox 780 1689 898 1773; x_wconf 92' lang='lat' dir='ltr'><strong>dignus</strong></span> <span class='ocrx_word' id='word_1_153' title='bbox 919 1699 978 1771; x_wconf 84' lang='lat' dir='ltr'><strong>est,</strong></span> <span class='ocrx_word' id='word_1_154' title='bbox 995 1710 1092 1774; x_wconf 92' lang='lat' dir='ltr'><strong>quem</strong></span> <span class='ocrx_word' id='word_1_155' title='bbox 1108 1688 1291 1773; x_wconf 89' lang='lat' dir='ltr'><strong>diligentius</strong></span> <span class='ocrx_word' id='word_1_156' title='bbox 1307 1692 1537 1755; x_wconf 84' lang='lat' dir='ltr'><strong>examinemus.</strong></span> 
     </span>
     <span class='ocr_line' id='line_1_15' title="bbox 145 1790 1539 1882; baseline 0.005 -29"><span class='ocrx_word' id='word_1_157' title='bbox 145 1790 306 1857; x_wconf 90' lang='lat' dir='ltr'><strong>rhetorica</strong></span> <span class='ocrx_word' id='word_1_158' title='bbox 318 1795 404 1858; x_wconf 91' lang='lat' dir='ltr'><strong>enim</strong></span> <span class='ocrx_word' id='word_1_159' title='bbox 414 1795 623 1878; x_wconf 90' lang='lat' dir='ltr'><strong>interrogatio</strong></span> <span class='ocrx_word' id='word_1_160' title='bbox 635 1793 688 1857; x_wconf 88' lang='lat' dir='ltr'><strong>vel</strong></span> <span class='ocrx_word' id='word_1_161' title='bbox 698 1796 806 1880; x_wconf 92' lang='lat' dir='ltr'><strong>potius</strong></span> <span class='ocrx_word' id='word_1_162' title='bbox 819 1797 978 1859; x_wconf 88' lang='lat' dir='ltr'><strong>sententia</strong></span> <span class='ocrx_word' id='word_1_163' title='bbox 989 1796 1151 1879; x_wconf 89' lang='lat' dir='ltr'><strong>negativa,</strong></span> <span class='ocrx_word' id='word_1_164' title='bbox 1165 1816 1247 1880; x_wconf 92' lang='lat' dir='ltr'><strong>quae</strong></span> <span class='ocrx_word' id='word_1_165' title='bbox 1260 1797 1289 1859; x_wconf 92' lang='lat' dir='ltr'><strong>ei</strong></span> <span class='ocrx_word' id='word_1_166' title='bbox 1302 1796 1422 1879; x_wconf 91' lang='lat' dir='ltr'><strong>subest,</strong></span> <span class='ocrx_word' id='word_1_167' title='bbox 1436 1798 1539 1882; x_wconf 90' lang='lat' dir='ltr'><strong>primo</strong></span> 
     </span>
     <span class='ocr_line' id='line_1_16' title="bbox 146 1895 1539 1985; baseline 0.004 -26"><span class='ocrx_word' id='word_1_168' title='bbox 146 1895 261 1961; x_wconf 88' lang='lat' dir='ltr'><strong>obtutu</strong></span> <span class='ocrx_word' id='word_1_169' title='bbox 286 1902 550 1984; x_wconf 79' lang='lat' dir='ltr'><strong>consequentiam</strong></span> <span class='ocrx_word' id='word_1_170' title='bbox 567 1899 706 1964; x_wconf 79' lang='lat' dir='ltr'><strong>‚videtur</strong></span> <span class='ocrx_word' id='word_1_171' title='bbox 727 1901 890 1963; x_wconf 87' lang='lat' dir='ltr'><strong>continere</strong></span> <span class='ocrx_word' id='word_1_172' title='bbox 911 1920 1036 1981; x_wconf 89' lang='lat' dir='ltr'><strong>eorum,</strong></span> <span class='ocrx_word' id='word_1_173' title='bbox 1058 1922 1140 1985; x_wconf 89' lang='lat' dir='ltr'><strong>quae</strong></span> <span class='ocrx_word' id='word_1_174' title='bbox 1161 1910 1237 1964; x_wconf 91' lang='lat' dir='ltr'><strong>ante</strong></span> <span class='ocrx_word' id='word_1_175' title='bbox 1261 1900 1347 1965; x_wconf 87' lang='lat' dir='ltr'><strong>dicta</strong></span> <span class='ocrx_word' id='word_1_176' title='bbox 1368 1909 1450 1965; x_wconf 89' lang='lat' dir='ltr'><strong>sunt.</strong></span> <span class='ocrx_word' id='word_1_177' title='bbox 1482 1900 1539 1964; x_wconf 89' lang='lat' dir='ltr'><strong>sed</strong></span> 
     </span>
     <span class='ocr_line' id='line_1_17' title="bbox 145 2000 1539 2089; baseline 0.002 -26"><span class='ocrx_word' id='word_1_178' title='bbox 145 2000 235 2065; x_wconf 91' lang='lat' dir='ltr'><strong>locus</strong></span> <span class='ocrx_word' id='word_1_179' title='bbox 257 2005 318 2066; x_wconf 89' lang='lat' dir='ltr'><strong>iste</strong></span> <span class='ocrx_word' id='word_1_180' title='bbox 335 2024 372 2066; x_wconf 94' lang='lat' dir='ltr'><strong>eo</strong></span> <span class='ocrx_word' id='word_1_181' title='bbox 394 2004 530 2088; x_wconf 89' lang='lat' dir='ltr'><strong>insignis</strong></span> <span class='ocrx_word' id='word_1_182' title='bbox 553 2012 602 2067; x_wconf 89' lang='lat' dir='ltr'><strong>est</strong></span> <span class='ocrx_word' id='word_1_183' title='bbox 623 2006 773 2089; x_wconf 90' lang='lat' dir='ltr'><strong>primum,</strong></span> <span class='ocrx_word' id='word_1_184' title='bbox 797 2002 884 2089; x_wconf 88' lang='lat' dir='ltr'><strong>quod</strong></span> <span class='ocrx_word' id='word_1_185' title='bbox 904 2002 1059 2089; x_wconf 89' lang='lat' dir='ltr'><strong>adpositis</strong></span> <span class='ocrx_word' id='word_1_186' title='bbox 1078 2003 1190 2068; x_wconf 84' lang='lat' dir='ltr'><strong>verbis</strong></span> <span class='ocrx_word' id='word_1_187' title='bbox 1213 2007 1343 2067; x_wconf 76' lang='grc' dir='ltr'>τοσούτων</span> <span class='ocrx_word' id='word_1_188' title='bbox 1366 2008 1539 2087; x_wconf 84' lang='grc' dir='ltr'>ὑπαρχόντων</span> 
     </span>
     <span class='ocr_line' id='line_1_18' title="bbox 144 2107 1539 2195; baseline 0.005 -29"><span class='ocrx_word' id='word_1_189' title='bbox 144 2111 313 2189; x_wconf 78' lang='grc' dir='ltr'>πραγμάτων</span> <span class='ocrx_word' id='word_1_190' title='bbox 350 2107 575 2172; x_wconf 80' lang='lat' dir='ltr'><strong>antecedentia</strong></span> <span class='ocrx_word' id='word_1_191' title='bbox 615 2107 946 2193; x_wconf 88' lang='lat' dir='ltr'><strong>comprehenduntur,</strong></span> <span class='ocrx_word' id='word_1_192' title='bbox 985 2107 1103 2172; x_wconf 87' lang='lat' dir='ltr'><strong>deinde</strong></span> <span class='ocrx_word' id='word_1_193' title='bbox 1142 2107 1228 2192; x_wconf 93' lang='lat' dir='ltr'><strong>quod</strong></span> <span class='ocrx_word' id='word_1_194' title='bbox 1261 2108 1295 2173; x_wconf 89' lang='lat' dir='ltr'><strong>in</strong></span> <span class='ocrx_word' id='word_1_195' title='bbox 1331 2107 1391 2172; x_wconf 91' lang='lat' dir='ltr'><strong>hoc</strong></span> <span class='ocrx_word' id='word_1_196' title='bbox 1433 2111 1539 2195; x_wconf 91' lang='lat' dir='ltr'><strong>capite</strong></span> 
     </span>
     <span class='ocr_line' id='line_1_19' title="bbox 145 2208 1539 2297; baseline 0.003 -23"><span class='ocrx_word' id='word_1_197' title='bbox 145 2212 277 2275; x_wconf 87' lang='lat' dir='ltr'><strong>ineunte</strong></span> <span class='ocrx_word' id='word_1_198' title='bbox 297 2211 411 2276; x_wconf 91' lang='lat' dir='ltr'><strong>similia</strong></span> <span class='ocrx_word' id='word_1_199' title='bbox 430 2212 533 2277; x_wconf 87' lang='lat' dir='ltr'><strong>verba</strong></span> <span class='ocrx_word' id='word_1_200' title='bbox 552 2211 717 2296; x_wconf 89' lang='lat' dir='ltr'><strong>leguntur:</strong></span> <span class='ocrx_word' id='word_1_201' title='bbox 737 2220 796 2284; x_wconf 84' lang='grc' dir='ltr'><strong>πῶς</strong></span> <span class='ocrx_word' id='word_1_202' title='bbox 817 2218 850 2273; x_wconf 77' lang='grc' dir='ltr'><strong>ἂν</strong></span> <span class='ocrx_word' id='word_1_203' title='bbox 870 2212 917 2275; x_wconf 83' lang='grc' dir='ltr'><strong>καὶ</strong></span> <span class='ocrx_word' id='word_1_204' title='bbox 937 2208 989 2274; x_wconf 79' lang='grc' dir='ltr'>οἷσί</span> <span class='ocrx_word' id='word_1_205' title='bbox 1008 2235 1037 2273; x_wconf 85' lang='grc' dir='ltr'><strong>τε</strong></span> <span class='ocrx_word' id='word_1_206' title='bbox 1058 2210 1128 2295; x_wconf 77' lang='grc' dir='ltr'>εἷεν,</span> <span class='ocrx_word' id='word_1_207' title='bbox 1149 2234 1214 2297; x_wconf 91' lang='lat' dir='ltr'><strong>qua</strong></span> <span class='ocrx_word' id='word_1_208' title='bbox 1232 2234 1268 2276; x_wconf 90' lang='lat' dir='ltr'><strong>rc</strong></span> <span class='ocrx_word' id='word_1_209' title='bbox 1289 2214 1407 2277; x_wconf 91' lang='lat' dir='ltr'><strong>certius</strong></span> <span class='ocrx_word' id='word_1_210' title='bbox 1430 2213 1466 2277; x_wconf 91' lang='lat' dir='ltr'><strong>fit</strong></span> <span class='ocrx_word' id='word_1_211' title='bbox 1480 2214 1539 2278; x_wconf 89' lang='lat' dir='ltr'><strong>has</strong></span> 
     </span>
     <span class='ocr_line' id='line_1_20' title="bbox 146 2315 1538 2402; baseline 0.004 -26"><span class='ocrx_word' id='word_1_212' title='bbox 146 2316 305 2379; x_wconf 89' lang='lat' dir='ltr'><strong>sectiones</strong></span> <span class='ocrx_word' id='word_1_213' title='bbox 324 2318 409 2379; x_wconf 92' lang='lat' dir='ltr'><strong>inter</strong></span> <span class='ocrx_word' id='word_1_214' title='bbox 429 2339 463 2379; x_wconf 88' lang='lat' dir='ltr'><strong>se</strong></span> <span class='ocrx_word' id='word_1_215' title='bbox 485 2326 554 2381; x_wconf 89' lang='lat' dir='ltr'><strong>arte</strong></span> <span class='ocrx_word' id='word_1_216' title='bbox 575 2317 749 2381; x_wconf 88' lang='lat' dir='ltr'><strong>cohaerere</strong></span> <span class='ocrx_word' id='word_1_217' title='bbox 769 2325 866 2401; x_wconf 91' lang='lat' dir='ltr'><strong>atque</strong></span> <span class='ocrx_word' id='word_1_218' title='bbox 891 2315 1030 2402; x_wconf 88' lang='lat' dir='ltr'><strong>quodam</strong></span> <span class='ocrx_word' id='word_1_219' title='bbox 1055 2316 1150 2381; x_wconf 92' lang='lat' dir='ltr'><strong>modo</strong></span> <span class='ocrx_word' id='word_1_220' title='bbox 1172 2338 1288 2402; x_wconf 89' lang='lat' dir='ltr'><strong>corpus</strong></span> <span class='ocrx_word' id='word_1_221' title='bbox 1308 2316 1438 2402; x_wconf 90' lang='lat' dir='ltr'><strong>aliquod</strong></span> <span class='ocrx_word' id='word_1_222' title='bbox 1459 2338 1538 2401; x_wconf 85' lang='lat' dir='ltr'><strong>esse,</strong></span> 
     </span>
     <span class='ocr_line' id='line_1_21' title="bbox 145 2403 1540 2505; baseline 0.002 -23"><span class='ocrx_word' id='word_1_223' title='bbox 145 2403 231 2503; x_wconf 87' lang='lat' dir='ltr'><strong>quod</strong></span> <span class='ocrx_word' id='word_1_224' title='bbox 251 2419 312 2484; x_wconf 90' lang='lat' dir='ltr'><strong>hoc</strong></span> <span class='ocrx_word' id='word_1_225' title='bbox 333 2423 497 2485; x_wconf 90' lang='lat' dir='ltr'><strong>enuntiato</strong></span> <span class='ocrx_word' id='word_1_226' title='bbox 519 2420 731 2503; x_wconf 80' lang='lat' dir='ltr'><strong>concluditur,</strong></span> <span class='ocrx_word' id='word_1_227' title='bbox 753 2420 893 2505; x_wconf 89' lang='lat' dir='ltr'><strong>denique</strong></span> <span class='ocrx_word' id='word_1_228' title='bbox 914 2443 960 2502; x_wconf 89' lang='lat' dir='ltr'><strong>eo,</strong></span> <span class='ocrx_word' id='word_1_229' title='bbox 977 2420 1064 2504; x_wconf 92' lang='lat' dir='ltr'><strong>quod</strong></span> <span class='ocrx_word' id='word_1_230' title='bbox 1083 2420 1194 2485; x_wconf 90' lang='lat' dir='ltr'><strong>verbis</strong></span> <span class='ocrx_word' id='word_1_231' title='bbox 1209 2424 1322 2503; x_wconf 77' lang='grc' dir='ltr'>λέγουσι</span> <span class='ocrx_word' id='word_1_232' title='bbox 1338 2424 1369 2483; x_wconf 79' lang='grc' dir='ltr'><strong>δέ</strong></span> <span class='ocrx_word' id='word_1_233' title='bbox 1384 2422 1426 2487; x_wconf 88' lang='lat' dir='ltr'><strong>ad</strong></span> <span class='ocrx_word' id='word_1_234' title='bbox 1442 2422 1540 2487; x_wconf 88' lang='lat' dir='ltr'><strong>aliam</strong></span> 
     </span>
     <span class='ocr_line' id='line_1_22' title="bbox 145 2524 1540 2611; baseline 0.002 -24"><span class='ocrx_word' id='word_1_235' title='bbox 145 2545 215 2588; x_wconf 92' lang='lat' dir='ltr'><strong>rem</strong></span> <span class='ocrx_word' id='word_1_236' title='bbox 233 2526 350 2588; x_wconf 87' lang='lat' dir='ltr'><strong>transit</strong></span> <span class='ocrx_word' id='word_1_237' title='bbox 391 2576 397 2589; x_wconf 92' lang='lat'><strong>.</strong></span> <span class='ocrx_word' id='word_1_238' title='bbox 430 2527 554 2589; x_wconf 90' lang='lat' dir='ltr'><strong>etiamsi</strong></span> <span class='ocrx_word' id='word_1_239' title='bbox 574 2526 672 2609; x_wconf 91' lang='lat' dir='ltr'><strong>igitur</strong></span> <span class='ocrx_word' id='word_1_240' title='bbox 692 2527 724 2590; x_wconf 89' lang='lat' dir='ltr'><strong>in</strong></span> <span class='ocrx_word' id='word_1_241' title='bbox 744 2525 851 2610; x_wconf 91' lang='lat' dir='ltr'><strong>priore</strong></span> <span class='ocrx_word' id='word_1_242' title='bbox 871 2524 1016 2588; x_wconf 90' lang='lat' dir='ltr'><strong>membro</strong></span> <span class='ocrx_word' id='word_1_243' title='bbox 1038 2529 1087 2602; x_wconf 87' lang='grc' dir='ltr'><strong>μέν</strong></span> <span class='ocrx_word' id='word_1_244' title='bbox 1103 2546 1167 2589; x_wconf 94' lang='lat' dir='ltr'><strong>non</strong></span> <span class='ocrx_word' id='word_1_245' title='bbox 1184 2534 1300 2608; x_wconf 90' lang='lat' dir='ltr'><strong>exstat,</strong></span> <span class='ocrx_word' id='word_1_246' title='bbox 1316 2535 1426 2590; x_wconf 91' lang='lat' dir='ltr'><strong>tamen</strong></span> <span class='ocrx_word' id='word_1_247' title='bbox 1442 2547 1540 2611; x_wconf 91' lang='lat' dir='ltr'><strong>quam</strong></span> 
     </span>
     <span class='ocr_line' id='line_1_23' title="bbox 144 2628 1539 2716; baseline 0.003 -24"><span class='ocrx_word' id='word_1_248' title='bbox 144 2629 292 2713; x_wconf 84' lang='lat' dir='ltr'><strong>proxime</strong></span> <span class='ocrx_word' id='word_1_249' title='bbox 308 2629 361 2694; x_wconf 92' lang='lat' dir='ltr'><strong>hic</strong></span> <span class='ocrx_word' id='word_1_250' title='bbox 376 2628 466 2693; x_wconf 90' lang='lat' dir='ltr'><strong>locus</strong></span> <span class='ocrx_word' id='word_1_251' title='bbox 482 2628 610 2693; x_wconf 89' lang='lat' dir='ltr'><strong>accedit</strong></span> <span class='ocrx_word' id='word_1_252' title='bbox 625 2628 667 2693; x_wconf 90' lang='lat' dir='ltr'><strong>ad</strong></span> <span class='ocrx_word' id='word_1_253' title='bbox 683 2650 747 2714; x_wconf 91' lang='lat' dir='ltr'><strong>eos,</strong></span> <span class='ocrx_word' id='word_1_254' title='bbox 761 2650 841 2714; x_wconf 88' lang='lat' dir='ltr'><strong>quos</strong></span> <span class='ocrx_word' id='word_1_255' title='bbox 852 2630 969 2693; x_wconf 90' lang='lat' dir='ltr'><strong>totiens</strong></span> <span class='ocrx_word' id='word_1_256' title='bbox 985 2628 1073 2713; x_wconf 90' lang='lat' dir='ltr'><strong>apud</strong></span> <span class='ocrx_word' id='word_1_257' title='bbox 1085 2628 1288 2693; x_wconf 90' lang='lat' dir='ltr'><strong>Herodotum</strong></span> <span class='ocrx_word' id='word_1_258' title='bbox 1300 2628 1539 2716; x_wconf 87' lang='lat' dir='ltr'><strong>Thucydidem·</strong></span> 
     </span>
     <span class='ocr_line' id='line_1_24' title="bbox 148 2735 440 2819; baseline 0.014 -24"><span class='ocrx_word' id='word_1_259' title='bbox 148 2753 212 2818; x_wconf 90' lang='lat' dir='ltr'><strong>que</strong></span> <span class='ocrx_word' id='word_1_260' title='bbox 226 2735 440 2819; x_wconf 73' lang='lat' dir='ltr'><strong>repperimus,</strong></span> 
     </span>
    </p>

    <p class='ocr_par' dir='ltr' id='par_1_5' title="bbox 145 2836 1539 3865">
     <span class='ocr_line' id='line_1_25' title="bbox 251 2836 1538 2924; baseline -0.001 -21"><span class='ocrx_word' id='word_1_261' title='bbox 251 2838 316 2903; x_wconf 88' lang='lat' dir='ltr'><strong>Sed</strong></span> <span class='ocrx_word' id='word_1_262' title='bbox 330 2838 586 2924; x_wconf 84' lang='lat' dir='ltr'><strong>quamdivcrsus</strong></span> <span class='ocrx_word' id='word_1_263' title='bbox 598 2836 703 2923; x_wconf 90' lang='lat' dir='ltr'><strong>fuerit,</strong></span> <span class='ocrx_word' id='word_1_264' title='bbox 717 2839 772 2923; x_wconf 92' lang='lat' dir='ltr'><strong>qui</strong></span> <span class='ocrx_word' id='word_1_265' title='bbox 784 2846 854 2901; x_wconf 89' lang='lat' dir='ltr'><strong>erat</strong></span> <span class='ocrx_word' id='word_1_266' title='bbox 864 2836 1062 2923; x_wconf 89' lang='lat' dir='ltr'><strong>temporibus</strong></span> <span class='ocrx_word' id='word_1_267' title='bbox 1074 2836 1146 2922; x_wconf 89' lang='lat' dir='ltr'><strong>illis,</strong></span> <span class='ocrx_word' id='word_1_268' title='bbox 1162 2860 1239 2902; x_wconf 90' lang='lat' dir='ltr'><strong>usus</strong></span> <span class='ocrx_word' id='word_1_269' title='bbox 1256 2840 1487 2904; x_wconf 89' lang='lat' dir='ltr'><strong>coniunctionis</strong></span> <span class='ocrx_word' id='word_1_270' title='bbox 1504 2843 1538 2917; x_wconf 78' lang='grc' dir='ltr'><strong>δή</strong></span> 
     </span>
     <span class='ocr_line' id='line_1_26' title="bbox 147 2939 1538 3029; baseline 0.003 -25"><span class='ocrx_word' id='word_1_271' title='bbox 147 2939 259 3023; x_wconf 87' lang='lat' dir='ltr'><strong>abeo,</strong></span> <span class='ocrx_word' id='word_1_272' title='bbox 277 2945 331 3029; x_wconf 92' lang='lat' dir='ltr'><strong>qui</strong></span> <span class='ocrx_word' id='word_1_273' title='bbox 352 2951 458 3008; x_wconf 89' lang='lat' dir='ltr'><strong>aetate</strong></span> <span class='ocrx_word' id='word_1_274' title='bbox 478 2943 655 3028; x_wconf 90' lang='lat' dir='ltr'><strong>posteriore</strong></span> <span class='ocrx_word' id='word_1_275' title='bbox 675 2941 821 3026; x_wconf 88' lang='lat' dir='ltr'><strong>vigebat,</strong></span> <span class='ocrx_word' id='word_1_276' title='bbox 839 2944 865 3004; x_wconf 91' lang='lat' dir='ltr'><strong>si</strong></span> <span class='ocrx_word' id='word_1_277' title='bbox 886 2944 970 3026; x_wconf 89' lang='lat' dir='ltr'><strong>quis,</strong></span> <span class='ocrx_word' id='word_1_278' title='bbox 987 2939 1173 3005; x_wconf 83' lang='lat' dir='ltr'><strong>Andocides</strong></span> <span class='ocrx_word' id='word_1_279' title='bbox 1194 2941 1346 3008; x_wconf 88' lang='lat' dir='ltr'><strong>declarat.</strong></span> <span class='ocrx_word' id='word_1_280' title='bbox 1373 2966 1449 3009; x_wconf 90' lang='lat' dir='ltr'><strong>nam</strong></span> <span class='ocrx_word' id='word_1_281' title='bbox 1465 2966 1538 3008; x_wconf 89' lang='lat' dir='ltr'><strong>cum</strong></span> 
     </span>
     <span class='ocr_line' id='line_1_27' title="bbox 148 3044 1537 3133; baseline 0.003 -25"><span class='ocrx_word' id='word_1_282' title='bbox 148 3048 308 3110; x_wconf 90' lang='lat' dir='ltr'><strong>orationes</strong></span> <span class='ocrx_word' id='word_1_283' title='bbox 324 3047 367 3112; x_wconf 93' lang='grc' dir='ltr'><strong>ΙΙ.</strong></span> <span class='ocrx_word' id='word_1_284' title='bbox 381 3057 413 3113; x_wconf 90' lang='lat' dir='ltr'><strong>et</strong></span> <span class='ocrx_word' id='word_1_285' title='bbox 428 3046 454 3111; x_wconf 88' lang='grc' dir='ltr'><strong>Ι.</strong></span> <span class='ocrx_word' id='word_1_286' title='bbox 467 3050 551 3111; x_wconf 91' lang='lat' dir='ltr'><strong>inter</strong></span> <span class='ocrx_word' id='word_1_287' title='bbox 565 3046 649 3111; x_wconf 90' lang='lat' dir='ltr'><strong>XVI</strong></span> <span class='ocrx_word' id='word_1_288' title='bbox 665 3045 760 3124; x_wconf 89' lang='lat' dir='ltr'><strong>locos,</strong></span> <span class='ocrx_word' id='word_1_289' title='bbox 778 3048 834 3132; x_wconf 93' lang='lat' dir='ltr'><strong>qui</strong></span> <span class='ocrx_word' id='word_1_290' title='bbox 850 3048 883 3124; x_wconf 80' lang='grc' dir='ltr'><strong>δή</strong></span> <span class='ocrx_word' id='word_1_291' title='bbox 900 3044 1066 3129; x_wconf 90' lang='lat' dir='ltr'><strong>exhibent,</strong></span> <span class='ocrx_word' id='word_1_292' title='bbox 1082 3047 1179 3131; x_wconf 90' lang='lat' dir='ltr'><strong>plane</strong></span> <span class='ocrx_word' id='word_1_293' title='bbox 1199 3046 1323 3112; x_wconf 93' lang='lat' dir='ltr'><strong>nullum</strong></span> <span class='ocrx_word' id='word_1_294' title='bbox 1344 3049 1537 3133; x_wconf 89' lang='lat' dir='ltr'><strong>contineant,</strong></span> 
     </span>
     <span class='ocr_line' id='line_1_28' title="bbox 147 3150 1538 3235; baseline 0.001 -22"><span class='ocrx_word' id='word_1_295' title='bbox 147 3169 211 3234; x_wconf 91' lang='lat' dir='ltr'><strong>quo</strong></span> <span class='ocrx_word' id='word_1_296' title='bbox 224 3152 258 3227; x_wconf 80' lang='grc' dir='ltr'><strong>δή</strong></span> <span class='ocrx_word' id='word_1_297' title='bbox 270 3152 304 3216; x_wconf 90' lang='lat' dir='ltr'><strong>in</strong></span> <span class='ocrx_word' id='word_1_298' title='bbox 314 3153 404 3217; x_wconf 91' lang='lat' dir='ltr'><strong>initio</strong></span> <span class='ocrx_word' id='word_1_299' title='bbox 416 3154 655 3216; x_wconf 88' lang='lat' dir='ltr'><strong>enuntiatorum</strong></span> <span class='ocrx_word' id='word_1_300' title='bbox 666 3150 709 3215; x_wconf 92' lang='lat' dir='ltr'><strong>ad</strong></span> <span class='ocrx_word' id='word_1_301' title='bbox 721 3152 888 3215; x_wconf 88' lang='lat' dir='ltr'><strong>enuntiata</strong></span> <span class='ocrx_word' id='word_1_302' title='bbox 900 3150 1124 3235; x_wconf 89' lang='lat' dir='ltr'><strong>coniungenda</strong></span> <span class='ocrx_word' id='word_1_303' title='bbox 1136 3150 1338 3229; x_wconf 87' lang='lat' dir='ltr'><strong>adhibeatur,</strong></span> <span class='ocrx_word' id='word_1_304' title='bbox 1351 3154 1384 3216; x_wconf 90' lang='lat' dir='ltr'><strong>in</strong></span> <span class='ocrx_word' id='word_1_305' title='bbox 1396 3155 1538 3217; x_wconf 87' lang='lat' dir='ltr'><strong>oratione</strong></span> 
     </span>
     <span class='ocr_line' id='line_1_29' title="bbox 146 3255 1537 3343; baseline 0.003 -26"><span class='ocrx_word' id='word_1_306' title='bbox 146 3257 242 3320; x_wconf 87' lang='lat' dir='ltr'><strong>tertia</strong></span> <span class='ocrx_word' id='word_1_307' title='bbox 261 3256 421 3341; x_wconf 90' lang='lat' dir='ltr'><strong>particula</strong></span> <span class='ocrx_word' id='word_1_308' title='bbox 441 3259 475 3334; x_wconf 80' lang='grc' dir='ltr'><strong>δή</strong></span> <span class='ocrx_word' id='word_1_309' title='bbox 495 3267 632 3343; x_wconf 91' lang='lat' dir='ltr'><strong>utroque</strong></span> <span class='ocrx_word' id='word_1_310' title='bbox 651 3256 735 3341; x_wconf 90' lang='lat' dir='ltr'><strong>loco,</strong></span> <span class='ocrx_word' id='word_1_311' title='bbox 752 3278 816 3342; x_wconf 93' lang='lat' dir='ltr'><strong>quo</strong></span> <span class='ocrx_word' id='word_1_312' title='bbox 836 3255 967 3340; x_wconf 91' lang='lat' dir='ltr'><strong>legitur,</strong></span> <span class='ocrx_word' id='word_1_313' title='bbox 988 3277 1047 3341; x_wconf 91' lang='lat' dir='ltr'><strong>pro</strong></span> <span class='ocrx_word' id='word_1_314' title='bbox 1068 3258 1292 3320; x_wconf 89' lang='lat' dir='ltr'><strong>coniunctione</strong></span> <span class='ocrx_word' id='word_1_315' title='bbox 1312 3256 1464 3323; x_wconf 89' lang='lat' dir='ltr'><strong>habenda</strong></span> <span class='ocrx_word' id='word_1_316' title='bbox 1479 3266 1537 3321; x_wconf 90' lang='lat' dir='ltr'><strong>est.</strong></span> 
     </span>
     <span class='ocr_line' id='line_1_30' title="bbox 147 3360 1538 3444; baseline 0.003 -23"><span class='ocrx_word' id='word_1_317' title='bbox 147 3380 223 3424; x_wconf 90' lang='lat' dir='ltr'><strong>nam</strong></span> <span class='ocrx_word' id='word_1_318' title='bbox 238 3364 258 3442; x_wconf 99' lang='lat'>5</span> <span class='ocrx_word' id='word_1_319' title='bbox 273 3360 295 3423; x_wconf 90' lang='grc'>4</span> <span class='ocrx_word' id='word_1_320' title='bbox 309 3365 338 3422; x_wconf 82' lang='grc' dir='ltr'><strong>ἓν</strong></span> <span class='ocrx_word' id='word_1_321' title='bbox 356 3363 390 3441; x_wconf 81' lang='grc' dir='ltr'><strong>δὴ</strong></span> <span class='ocrx_word' id='word_1_322' title='bbox 406 3369 482 3424; x_wconf 84' lang='grc' dir='ltr'>τοῦτο</span> <span class='ocrx_word' id='word_1_323' title='bbox 498 3361 521 3423; x_wconf 82' lang='grc' dir='ltr'><strong>ὦ</strong></span> <span class='ocrx_word' id='word_1_324' title='bbox 538 3365 693 3444; x_wconf 86' lang='grc' dir='ltr'>Ἀ.πρώτσν</span> <span class='ocrx_word' id='word_1_325' title='bbox 708 3364 876 3440; x_wconf 80' lang='grc' dir='ltr'>σκεψώμεθα</span> <span class='ocrx_word' id='word_1_326' title='bbox 895 3360 1103 3424; x_wconf 89' lang='lat' dir='ltr'><strong>consecutiva</strong></span> <span class='ocrx_word' id='word_1_327' title='bbox 1122 3360 1217 3423; x_wconf 90' lang='lat' dir='ltr'><strong>huius</strong></span> <span class='ocrx_word' id='word_1_328' title='bbox 1238 3361 1470 3426; x_wconf 91' lang='lat' dir='ltr'><strong>coniunctionis</strong></span> <span class='ocrx_word' id='word_1_329' title='bbox 1490 3363 1538 3425; x_wconf 88' lang='lat' dir='ltr'><strong>vis</strong></span> 
     </span>
     <span class='ocr_line' id='line_1_31' title="bbox 146 3463 1538 3551; baseline 0.001 -23"><span class='ocrx_word' id='word_1_330' title='bbox 146 3463 240 3529; x_wconf 84' lang='lat' dir='ltr'><strong>facile</strong></span> <span class='ocrx_word' id='word_1_331' title='bbox 257 3468 471 3550; x_wconf 78' lang='lat' dir='ltr'><strong>cognoscItur,</strong></span> <span class='ocrx_word' id='word_1_332' title='bbox 488 3470 507 3549; x_wconf 90' lang='lat'>5</span> <span class='ocrx_word' id='word_1_333' title='bbox 524 3466 563 3530; x_wconf 76' lang='lat'><strong>27</strong></span> <span class='ocrx_word' id='word_1_334' title='bbox 581 3470 749 3548; x_wconf 80' lang='grc' dir='ltr'>σκεψώμεθα</span> <span class='ocrx_word' id='word_1_335' title='bbox 765 3467 799 3544; x_wconf 83' lang='grc' dir='ltr'><strong>δὴ</strong></span> <span class='ocrx_word' id='word_1_336' title='bbox 815 3466 861 3527; x_wconf 75' lang='grc' dir='ltr'><strong>καὶ</strong></span> <span class='ocrx_word' id='word_1_337' title='bbox 876 3467 937 3537; x_wconf 81' lang='grc' dir='ltr'>τοὺς</span> <span class='ocrx_word' id='word_1_338' title='bbox 953 3466 1079 3547; x_wconf 78' lang='grc' dir='ltr'>Ἀργείων</span> <span class='ocrx_word' id='word_1_339' title='bbox 1094 3467 1205 3549; x_wconf 76' lang='grc' dir='ltr'><strong>λόγους,</strong></span> <span class='ocrx_word' id='word_1_340' title='bbox 1222 3486 1283 3551; x_wconf 91' lang='lat' dir='ltr'><strong>quo</strong></span> <span class='ocrx_word' id='word_1_341' title='bbox 1300 3464 1386 3531; x_wconf 91' lang='lat' dir='ltr'><strong>idem</strong></span> <span class='ocrx_word' id='word_1_342' title='bbox 1401 3465 1538 3530; x_wconf 88' lang='lat' dir='ltr'><strong>verbum</strong></span> 
     </span>
     <span class='ocr_line' id='line_1_32' title="bbox 146 3568 1539 3657; baseline 0.003 -27"><span class='ocrx_word' id='word_1_343' title='bbox 146 3568 314 3650; x_wconf 81' lang='grc' dir='ltr'>σκεψώμεθα</span> <span class='ocrx_word' id='word_1_344' title='bbox 330 3579 446 3653; x_wconf 86' lang='lat' dir='ltr'><strong>exstat,</strong></span> <span class='ocrx_word' id='word_1_345' title='bbox 463 3572 639 3635; x_wconf 90' lang='lat' dir='ltr'><strong>orationem</strong></span> <span class='ocrx_word' id='word_1_346' title='bbox 655 3570 806 3657; x_wconf 86' lang='lat' dir='ltr'><strong>progredi</strong></span> <span class='ocrx_word' id='word_1_347' title='bbox 823 3570 885 3634; x_wconf 90' lang='lat' dir='ltr'><strong>hac</strong></span> <span class='ocrx_word' id='word_1_348' title='bbox 901 3568 1016 3633; x_wconf 87' lang='lat' dir='ltr'><strong>vocula</strong></span> <span class='ocrx_word' id='word_1_349' title='bbox 1035 3569 1173 3633; x_wconf 90' lang='lat' dir='ltr'><strong>indicari</strong></span> <span class='ocrx_word' id='word_1_350' title='bbox 1189 3569 1327 3634; x_wconf 87' lang='lat' dir='ltr'><strong>videtur.</strong></span> <span class='ocrx_word' id='word_1_351' title='bbox 1357 3579 1426 3634; x_wconf 89' lang='lat' dir='ltr'><strong>tum</strong></span> <span class='ocrx_word' id='word_1_352' title='bbox 1440 3572 1539 3654; x_wconf 92' lang='lat' dir='ltr'><strong>igitur</strong></span> 
     </span>
     <span class='ocr_line' id='line_1_33' title="bbox 145 3672 1537 3761; baseline 0.001 -24"><span class='ocrx_word' id='word_1_353' title='bbox 145 3674 305 3759; x_wconf 87' lang='lat' dir='ltr'><strong>particula</strong></span> <span class='ocrx_word' id='word_1_354' title='bbox 321 3678 355 3753; x_wconf 80' lang='grc' dir='ltr'><strong>δή</strong></span> <span class='ocrx_word' id='word_1_355' title='bbox 371 3675 435 3740; x_wconf 91' lang='lat' dir='ltr'><strong>iam</strong></span> <span class='ocrx_word' id='word_1_356' title='bbox 450 3698 582 3761; x_wconf 88' lang='lat' dir='ltr'><strong>prorsus</strong></span> <span class='ocrx_word' id='word_1_357' title='bbox 597 3683 761 3760; x_wconf 87' lang='lat' dir='ltr'><strong>tamquam</strong></span> <span class='ocrx_word' id='word_1_358' title='bbox 778 3676 959 3738; x_wconf 89' lang='lat' dir='ltr'><strong>coniunctio</strong></span> <span class='ocrx_word' id='word_1_359' title='bbox 973 3672 1159 3739; x_wconf 86' lang='lat' dir='ltr'><strong>conclusiva</strong></span> <span class='ocrx_word' id='word_1_360' title='bbox 1171 3677 1320 3761; x_wconf 90' lang='lat' dir='ltr'><strong>usurpari</strong></span> <span class='ocrx_word' id='word_1_361' title='bbox 1332 3683 1446 3760; x_wconf 89' lang='lat' dir='ltr'><strong>coepta</strong></span> <span class='ocrx_word' id='word_1_362' title='bbox 1458 3683 1537 3758; x_wconf 89' lang='lat' dir='ltr'><strong>erat,</strong></span> 
     </span>
     <span class='ocr_line' id='line_1_34' title="bbox 146 3779 1537 3865; baseline 0 -22"><span class='ocrx_word' id='word_1_363' title='bbox 146 3798 243 3863; x_wconf 90' lang='lat' dir='ltr'><strong>quem</strong></span> <span class='ocrx_word' id='word_1_364' title='bbox 253 3801 347 3843; x_wconf 90' lang='lat' dir='ltr'><strong>usum</strong></span> <span class='ocrx_word' id='word_1_365' title='bbox 359 3782 542 3845; x_wconf 89' lang='lat' dir='ltr'><strong>accuratius</strong></span> <span class='ocrx_word' id='word_1_366' title='bbox 553 3782 704 3865; x_wconf 89' lang='lat' dir='ltr'><strong>persequi</strong></span> <span class='ocrx_word' id='word_1_367' title='bbox 715 3802 775 3865; x_wconf 90' lang='lat' dir='ltr'><strong>per</strong></span> <span class='ocrx_word' id='word_1_368' title='bbox 786 3802 834 3860; x_wconf 91' lang='lat' dir='ltr'><strong>ea,</strong></span> <span class='ocrx_word' id='word_1_369' title='bbox 851 3800 932 3863; x_wconf 90' lang='lat' dir='ltr'><strong>quae</strong></span> <span class='ocrx_word' id='word_1_370' title='bbox 949 3779 1177 3864; x_wconf 88' lang='lat' dir='ltr'><strong>sequebantur,</strong></span> <span class='ocrx_word' id='word_1_371' title='bbox 1194 3788 1339 3865; x_wconf 89' lang='lat' dir='ltr'><strong>tempora</strong></span> <span class='ocrx_word' id='word_1_372' title='bbox 1352 3801 1417 3843; x_wconf 94' lang='lat' dir='ltr'><strong>non</strong></span> <span class='ocrx_word' id='word_1_373' title='bbox 1429 3801 1537 3843; x_wconf 92' lang='lat' dir='ltr'><strong>meum</strong></span> 
     </span>
    </p>
   </div>
   <div class='ocr_carea' id='block_1_3' title="bbox 144 3868 1538 4284">
    <p class='ocr_par' dir='ltr' id='par_1_6' title="bbox 144 3868 1538 4284">
     <span class='ocr_line' id='line_1_35' title="bbox 146 3868 1538 3969; baseline 0 -22"><span class='ocrx_word' id='word_1_374' title='bbox 146 3903 217 3947; x_wconf 90' lang='lat' dir='ltr'><strong>esse</strong></span> <span class='ocrx_word' id='word_1_375' title='bbox 236 3892 324 3969; x_wconf 93' lang='lat' dir='ltr'><strong>puto.</strong></span> <span class='ocrx_word' id='word_1_376' title='bbox 355 3885 443 3949; x_wconf 90' lang='lat' dir='ltr'><strong>hunc</strong></span> <span class='ocrx_word' id='word_1_377' title='bbox 460 3868 561 3949; x_wconf 90' lang='lat' dir='ltr'><strong>usum</strong></span> <span class='ocrx_word' id='word_1_378' title='bbox 574 3884 712 3949; x_wconf 93' lang='lat' dir='ltr'><strong>liberum</strong></span> <span class='ocrx_word' id='word_1_379' title='bbox 733 3906 807 3947; x_wconf 89' lang='lat' dir='ltr'><strong>cum</strong></span> <span class='ocrx_word' id='word_1_380' title='bbox 827 3883 869 3948; x_wconf 90' lang='lat' dir='ltr'><strong>ab</strong></span> <span class='ocrx_word' id='word_1_381' title='bbox 887 3891 993 3947; x_wconf 88' lang='lat' dir='ltr'><strong>aetate</strong></span> <span class='ocrx_word' id='word_1_382' title='bbox 1014 3886 1177 3969; x_wconf 86' lang='lat' dir='ltr'><strong>superiore</strong></span> <span class='ocrx_word' id='word_1_383' title='bbox 1197 3883 1450 3949; x_wconf 91' lang='lat' dir='ltr'><strong>abiudicandum</strong></span> <span class='ocrx_word' id='word_1_384' title='bbox 1466 3906 1538 3949; x_wconf 89' lang='lat' dir='ltr'><strong>esse</strong></span> 
     </span>
     <span class='ocr_line' id='line_1_36' title="bbox 145 3987 1538 4073; baseline 0 -20"><span class='ocrx_word' id='word_1_385' title='bbox 145 3988 337 4073; x_wconf 87' lang='lat' dir='ltr'><strong>viderimus,</strong></span> <span class='ocrx_word' id='word_1_386' title='bbox 357 4012 422 4055; x_wconf 94' lang='lat' dir='ltr'><strong>non</strong></span> <span class='ocrx_word' id='word_1_387' title='bbox 440 3989 516 4054; x_wconf 90' lang='lat' dir='ltr'><strong>lieet</strong></span> <span class='ocrx_word' id='word_1_388' title='bbox 536 4011 611 4053; x_wconf 91' lang='lat' dir='ltr'><strong>cum</strong></span> <span class='ocrx_word' id='word_1_389' title='bbox 625 3987 750 4055; x_wconf 78' lang='lat' dir='ltr'><strong>Blaesio</strong></span> <span class='ocrx_word' id='word_1_390' title='bbox 771 3990 804 4051; x_wconf 92' lang='lat' dir='ltr'><strong>in</strong></span> <span class='ocrx_word' id='word_1_391' title='bbox 819 3988 1009 4071; x_wconf 89' lang='lat' dir='ltr'><strong>Palamede,</strong></span> <span class='ocrx_word' id='word_1_392' title='bbox 1034 3990 1060 4051; x_wconf 92' lang='lat' dir='ltr'><strong>si</strong></span> <span class='ocrx_word' id='word_1_393' title='bbox 1083 3988 1178 4053; x_wconf 92' lang='lat' dir='ltr'><strong>modo</strong></span> <span class='ocrx_word' id='word_1_394' title='bbox 1202 3989 1376 4072; x_wconf 88' lang='lat' dir='ltr'><strong>genuinam</strong></span> <span class='ocrx_word' id='word_1_395' title='bbox 1400 3987 1538 4053; x_wconf 89' lang='lat' dir='ltr'><strong>formam</strong></span> 
     </span>
     <span class='ocr_line' id='line_1_37' title="bbox 144 4092 1537 4179; baseline 0 -22"><span class='ocrx_word' id='word_1_396' title='bbox 144 4092 219 4159; x_wconf 90' lang='lat' dir='ltr'><strong>libri</strong></span> <span class='ocrx_word' id='word_1_397' title='bbox 235 4093 391 4179; x_wconf 80' lang='lat' dir='ltr'><strong>Gorgiam</strong></span> <span class='ocrx_word' id='word_1_398' title='bbox 406 4093 574 4177; x_wconf 91' lang='lat' dir='ltr'><strong>habemus,</strong></span> <span class='ocrx_word' id='word_1_399' title='bbox 590 4097 631 4175; x_wconf 89' lang='lat'><strong>55</strong></span> <span class='ocrx_word' id='word_1_400' title='bbox 647 4092 666 4155; x_wconf 83' lang='lat'>8</span> <span class='ocrx_word' id='word_1_401' title='bbox 683 4101 715 4157; x_wconf 89' lang='lat' dir='ltr'><strong>et</strong></span> <span class='ocrx_word' id='word_1_402' title='bbox 730 4092 773 4156; x_wconf 76' lang='lat'><strong>24</strong></span> <span class='ocrx_word' id='word_1_403' title='bbox 789 4096 823 4170; x_wconf 74' lang='grc' dir='ltr'><strong>δή</strong></span> <span class='ocrx_word' id='word_1_404' title='bbox 844 4092 987 4157; x_wconf 87' lang='lat' dir='ltr'><strong>scribere</strong></span> <span class='ocrx_word' id='word_1_405' title='bbox 1007 4115 1066 4178; x_wconf 91' lang='lat' dir='ltr'><strong>pro</strong></span> <span class='ocrx_word' id='word_1_406' title='bbox 1085 4094 1225 4157; x_wconf 90' lang='lat' dir='ltr'><strong>lectione</strong></span> <span class='ocrx_word' id='word_1_407' title='bbox 1245 4093 1378 4178; x_wconf 89' lang='lat' dir='ltr'><strong>vulgata</strong></span> <span class='ocrx_word' id='word_1_408' title='bbox 1397 4096 1438 4177; x_wconf 84' lang='grc' dir='ltr'><strong>δέ,</strong></span> <span class='ocrx_word' id='word_1_409' title='bbox 1455 4116 1537 4179; x_wconf 89' lang='lat' dir='ltr'><strong>quae</strong></span> 
     </span>
     <span class='ocr_line' id='line_1_38' title="bbox 144 4177 1375 4284; baseline -0.002 -22"><span class='ocrx_word' id='word_1_410' title='bbox 144 4198 206 4263; x_wconf 92' lang='lat' dir='ltr'><strong>loci</strong></span> <span class='ocrx_word' id='word_1_411' title='bbox 222 4202 388 4284; x_wconf 91' lang='lat' dir='ltr'><strong>utriusque</strong></span> <span class='ocrx_word' id='word_1_412' title='bbox 405 4186 582 4263; x_wconf 88' lang='lat' dir='ltr'><strong>sententiae</strong></span> <span class='ocrx_word' id='word_1_413' title='bbox 599 4200 718 4283; x_wconf 90' lang='lat' dir='ltr'><strong>optime</strong></span> <span class='ocrx_word' id='word_1_414' title='bbox 736 4177 897 4262; x_wconf 81' lang='lat' dir='ltr'><strong>convenit.</strong></span> <span class='ocrx_word' id='word_1_415' title='bbox 1372 4204 1375 4210; x_wconf 89' lang='lat'>&#39;</span> 
     </span>
    </p>
   </div>
   <div class='ocr_carea' id='block_1_4' title="bbox 812 4371 873 4437">
    <p class='ocr_par' dir='ltr' id='par_1_7' title="bbox 812 4371 873 4437">
     <span class='ocr_line' id='line_1_39' title="bbox 812 4371 873 4437; baseline 0.033 -2"><span class='ocrx_word' id='word_1_416' title='bbox 812 4371 873 4437; x_wconf 92' lang='grc' dir='ltr'><strong>ΙΙΙ.</strong></span> 
     </span>
    </p>
   </div>
   <div class='ocr_carea' id='block_1_5' title="bbox 144 4511 1538 4705">
    <p class='ocr_par' dir='ltr' id='par_1_8' title="bbox 144 4511 1538 4705">
     <span class='ocr_line' id='line_1_40' title="bbox 249 4511 1538 4600; baseline -0.002 -22"><span class='ocrx_word' id='word_1_417' title='bbox 249 4511 434 4580; x_wconf 88' lang='lat' dir='ltr'><strong>Herodotus</strong></span> <span class='ocrx_word' id='word_1_418' title='bbox 445 4514 604 4600; x_wconf 85' lang='lat' dir='ltr'><strong>particula</strong></span> <span class='ocrx_word' id='word_1_419' title='bbox 616 4516 651 4592; x_wconf 78' lang='grc' dir='ltr'><strong>δή</strong></span> <span class='ocrx_word' id='word_1_420' title='bbox 666 4515 810 4578; x_wconf 91' lang='lat' dir='ltr'><strong>totiens</strong></span> <span class='ocrx_word' id='word_1_421' title='bbox 824 4514 933 4594; x_wconf 90' lang='lat' dir='ltr'><strong>utitur,</strong></span> <span class='ocrx_word' id='word_1_422' title='bbox 952 4521 987 4576; x_wconf 93' lang='lat' dir='ltr'><strong>ut</strong></span> <span class='ocrx_word' id='word_1_423' title='bbox 998 4520 1122 4576; x_wconf 90' lang='lat' dir='ltr'><strong>ceteros</strong></span> <span class='ocrx_word' id='word_1_424' title='bbox 1134 4512 1307 4597; x_wconf 89' lang='lat' dir='ltr'><strong>scriptores</strong></span> <span class='ocrx_word' id='word_1_425' title='bbox 1320 4533 1430 4575; x_wconf 92' lang='lat' dir='ltr'><strong>omnes</strong></span> <span class='ocrx_word' id='word_1_426' title='bbox 1441 4511 1538 4577; x_wconf 85' lang='lat' dir='ltr'><strong>facile</strong></span> 
     </span>
     <span class='ocr_line' id='line_1_41' title="bbox 144 4615 1537 4705; baseline -0.001 -21"><span class='ocrx_word' id='word_1_427' title='bbox 144 4617 307 4685; x_wconf 81' lang='lat' dir='ltr'><strong>inhaere</strong></span> <span class='ocrx_word' id='word_1_428' title='bbox 324 4627 463 4705; x_wconf 89' lang='lat' dir='ltr'><strong>superet.</strong></span> <span class='ocrx_word' id='word_1_429' title='bbox 491 4641 566 4685; x_wconf 93' lang='lat' dir='ltr'><strong>nam</strong></span> <span class='ocrx_word' id='word_1_430' title='bbox 583 4618 764 4704; x_wconf 87' lang='lat' dir='ltr'><strong>complures</strong></span> <span class='ocrx_word' id='word_1_431' title='bbox 780 4616 867 4703; x_wconf 92' lang='lat' dir='ltr'><strong>apud</strong></span> <span class='ocrx_word' id='word_1_432' title='bbox 884 4638 958 4681; x_wconf 91' lang='lat' dir='ltr'><strong>eum</strong></span> <span class='ocrx_word' id='word_1_433' title='bbox 973 4617 1131 4681; x_wconf 88' lang='lat' dir='ltr'><strong>sectiones</strong></span> <span class='ocrx_word' id='word_1_434' title='bbox 1146 4615 1308 4700; x_wconf 87' lang='lat' dir='ltr'><strong>longiores</strong></span> <span class='ocrx_word' id='word_1_435' title='bbox 1319 4616 1537 4700; x_wconf 89' lang='lat' dir='ltr'><strong>inveniuntur,</strong></span> 
     </span>
    </p>
   </div>
   <div class='ocr_carea' id='block_1_6' title="bbox 0 0 1618 5092">
    <p class='ocr_par' dir='ltr' id='par_1_9' title="bbox 0 0 1618 5092">
     <span class='ocr_line' id='line_1_42' title="bbox 0 0 1618 5092; baseline 0 1"><span class='ocrx_word' id='word_1_436' title='bbox 0 0 1618 5092; x_wconf 95' lang='lat' dir='ltr'><strong> </strong></span> 
     </span>
    </p>
   </div>
  </div>
 </body>
</html>
