3225 5092
1432 188 1610 320 'aa

103 437 153 510 sit,
179 455 312 517 prorsus
333 431 412 496 nihil
434 440 568 496 constet.
607 429 686 494 nihil
706 430 794 495 aliud
814 432 900 495 enim
920 432 1148 516 comperimus,
1169 452 1266 515 quam
1290 439 1404 514 quarto
1424 428 1506 493 libro
1609 502 1610 507 .

102 561 179 603 eum
195 540 300 621 egisse
316 537 356 601 do
370 538 467 601 variis
480 536 614 600 deorum
629 536 738 618 regnis
752 543 786 598 61
801 535 967 600 aetatibus
976 534 1154 600 secundum
1166 534 1335 621 Orpheum
1348 544 1380 596 et
1393 556 1505 621 magos
1609 598 1610 603 ,

104 644 203 728 (16616
216 641 328 706 Servio
343 642 429 706 Dan.
443 641 485 705 ad
499 641 580 704 Buo.
594 640 671 722 IIII,
687 639 756 721 10),
777 639 867 703 libris
886 639 980 704 XVI.
993 649 1025 703 et
1039 640 1183 704 XVIIII.
1201 640 1242 703 de
1256 639 1433 705 Penatibus
1449 637 1505 724 (cf.

104 744 412 830 Amob.111,40,p.
428 744 499 827 138,
512 743 533 808 b
548 745 641 809 Reiff.
656 753 687 808 61
703 745 804 808 Μ161.
820 744 960 825 811111,
977 744 1008 828 4,
1021 745 1065 829 6).
1096 746 1191 831 primi
1207 753 1314 808 autem
1331 743 1407 808 libri
1422 743 1506 827 frag·
1609 746 1610 753 ’

103 858 250 916 mentum
260 849 330 936 (ap.
339 850 421 914 Non.
435 873 459 914 s.
472 873 504 916 1,
514 849 785 916 Obseoundanter
796 873 827 936 p.
842 849 914 932 147,
926 849 983 937 25)
995 851 1146 915 Hertzius
1159 851 1221 915 ‘De
1233 849 1306 933 Nig.
1317 849 1412 913 stud'
1423 871 1455 934 p.
1465 847 1507 911 35

104 956 185 1019 dicit
206 952 270 1018 ‘vel
290 954 332 1018 ad
354 953 506 1037 generale
523 953 651 1038 aliquod
672 954 794 1018 ethices
815 963 1026 1040 praeceptum
1046 953 1100 1020 vel
1119 954 1161 1018 ad
1181 976 1299 1020 aureae
1319 956 1434 1018 aetatis
1453 953 1507 1016 de·

104 1061 317 1145 scriptionem
339 1058 507 1144 spectare!
540 1080 676 1143 quorum
702 1058 782 1124 illud
801 1060 871 1122 veri
893 1058 1026 1122 similius
1046 1081 1117 1123 esse
1132 1059 1324 1143 Roehrigius
1344 1059 1364 1123 l.
1379 1081 1407 1122 c.
1419 1081 1451 1143 p.
1464 1057 1508 1122 50
1609 1056 1610 1063 '

104 1164 271 1228 intellexit
291 1163 406 1228 collato
419 1161 584 1228 Ciceronis
607 1163 647 1227 de
663 1171 728 1226 nat.
743 1161 831 1226 deor.
844 1162 917 1228 libri
928 1163 955 1226 I.
968 1165 1068 1247 initio,
1089 1163 1146 1228 ubi
1161 1163 1215 1228 ille
1231 1165 1452 1250 quaestionem
1467 1163 1508 1227 de
1574 1166 1588 1231 ζ
1609 1154 1610 1157 “

104 1279 222 1332 natiue
231 1268 365 1334 deorum
374 1277 406 1331 61
413 1266 455 1332 ad
464 1269 660 1352 agnitionem
672 1269 770 1332 animi
778 1267 1030 1354 pulcherrimam
1041 1278 1074 1332 61
1085 1269 1128 1332 ad
1139 1269 1371 1334 moderandam
1382 1268 1506 1352 religio·

106 1396 181 1438 nem
190 1374 409 1438 necessariam
420 1395 490 1437 esse
501 1372 596 1438 docet
607 1373 818 1458 hominesque
831 1373 914 1437 duce
927 1382 1043 1438 natura
1054 1373 1132 1438 deos
1144 1375 1334 1458 cognovisse
1346 1374 1505 1438 adfirmat.
1609 1394 1610 1459 j

210 1479 485 1562 Fragmentorum
500 1480 598 1561 igitur
614 1486 814 1546 servatorum
833 1501 939 1563 neque
954 1501 1108 1547 numerus
1123 1501 1230 1566 neque
1246 1479 1385 1544 ambitus
1399 1488 1508 1542 tantus
1609 1530 1610 1537 ,

112 1606 183 1648 6666
199 1582 340 1665 videtur,
356 1591 392 1646 ut
406 1583 445 1645 iis
461 1584 523 1646 nisi
539 1582 618 1647 alias
633 1582 728 1647 huius
744 1585 850 1668 operis
865 1585 898 1648 in
913 1584 1124 1669 scriptoribus
1139 1584 1292 1670 reliquias
1306 1585 1507 1668 indagemus.
1582 1667 1585 1673 1

108 1711 207 1753 causa
222 1697 342 1774 autem,
365 1711 423 1752 cur
442 1697 509 1752 tam
525 1710 597 1752 raro
615 1689 683 1752 eius
698 1692 819 1752 mentio
833 1689 922 1753 facta
938 1690 1041 1770 sit,.in
1060 1698 1172 1774 aperto
1186 1698 1251 1776 ⁴est,
1272 1689 1462 1775 praesertim
1482 1691 1508 1751 si
1609 1674 1610 1709 ³

108 1793 215 1858 Servii
227 1792 285 1877 (ad
297 1792 380 1857 Aen.
395 1793 439 1875 X,
454 1793 491 1855 17
495 1791 530 1880 5)
547 1793 649 1858 verba
669 1794 864 1878 inspexeris:
887 1793 1047 1877 ‘Nigidius
1063 1793 1148 1859 solus
1164 1803 1213 1859 est
1226 1803 1300 1880 post
1312 1793 1508 1876 Varronem,

109 1895 185 1961 licet
206 1898 330 1962 Varro
355 1896 570 1982 praecellat
594 1899 632 1961 in
657 1896 867 1982 theologia,
890 1897 944 1962 hic
972 1899 1004 1960 in
1030 1898 1255 1963 communibus
1280 1897 1408 1962 litteris:
1433 1919 1509 1961 nam

107 2012 244 2086 uterque
262 2010 433 2086 utrumque
450 2002 668 2086 scripserunt!
701 2002 896 2066 Varroniani
911 2004 1062 2067 nimirum
1077 2005 1213 2068 nominis
1229 2002 1410 2089 splendore,
1426 2004 1509 2065 utin
1609 2016 1610 2023 ’

107 2108 338 2190 grammaticis,
354 2108 399 2170 ita
414 2109 448 2170 in
463 2106 650 2191 theologicis
665 2107 763 2172 rebus
779 2106 969 2171 enarrandis
981 2106 1104 2191 Nigidii
1118 2109 1273 2172 1116116111
1288 2116 1321 2171 61
1335 2108 1509 2170 auctoritas
1609 2100 1610 2143 ss

108 2209 303 2274 obscuratae
316 2219 398 2277 sunt.
420 2233 525 2296 neque
534 2209 656 2275 Gellius
668 2210 730 2275 hoc
742 2232 823 2297 opus
834 2211 952 2295 legisse
964 2210 1133 2298 videtur.¹)
1152 2210 1373 2276 reconditioris
1384 2218 1510 2275 tantum
1609 2236 1610 2263 1

110 2315 277 2379 doctrinae
296 2317 545 2400 investigatores
560 2317 682 2399 Nigidii
704 2317 755 2380 ‘de
775 2316 846 2379 diis'
862 2316 962 2380 libros
983 2339 1048 2381 non
1067 2315 1292 2401 neglegebant.
1327 2318 1411 2380 inter
1430 2338 1509 2402 quos

112 2419 278 2483 Cornelius
293 2420 405 2486 Labeo
417 2421 615 2485 referendus
636 2429 696 2497 est,
720 2420 816 2485 homo
833 2420 946 2484 doctus
960 2421 1021 2485 III.
1034 2444 1066 2506 p.
1080 2420 1155 2486 Chr.
1169 2444 1200 2484 n.
1215 2420 1336 2486 saeculi
1351 2424 1509 2505 exeuntis,
1609 2498 1610 2501 Ἴ

108 2526 199 2587 cuius
227 2545 269 2586 611
301 2527 429 2610 scriptis
456 2525 637 2589 Arnobium
666 2548 717 2606 66,
746 2548 830 2611 quae
856 2527 889 2589 in
915 2525 997 2590 libro
1023 2526 1084 2591 ΠΙ.
1107 2527 1140 2590 11
1171 2525 1341 2589 irridendis
1371 2526 1509 2590 diversis
1609 2562 1610 2569 .

111 2630 331 2692 Romanorum
347 2629 387 2694 de
404 2629 465 2694 diis
481 2630 684 2716 opinionibus
700 2630 833 2716 profert,
854 2633 1028 2716 sumpsisse
1043 2630 1220 2696 Kettnerus
1237 2630 1461 2716 comprobavit
1474 2632 1509 2694 in

106 2733 216 2797 libello
229 2733 405 2799 ‘Cornelius
418 2734 540 2798 Labeo’
553 2737 717 2820 inscripto,
730 2737 963 2821 programmati
974 2733 1123 2799 Portensi
1134 2759 1164 2799 a.
1177 2733 1507 2800 MDOOOLXXVII.
1609 2802 1610 2813 ,

108 2841 301 2924 praeposito.
332 2842 417 2904 inter
434 2841 608 2904 sententias
624 2849 733 2906 autem
745 2842 888 2904 virorum
901 2839 1079 2923 doctorum,
1096 2861 1175 2926 quas
1187 2838 1351 2904 Arnobius
1366 2839 1511 2904 breviter

109 2945 271 3029 proponit,
298 2953 372 3009 sunt
392 2945 489 3008 etiam
511 2944 671 3029 quaedam
690 2943 827 3028 Nigidii:
850 2966 882 3029 p.
897 2944 969 3028 133,
989 2943 1028 3006 18
1049 2943 1089 3007 de
1104 2943 1210 3010 Matre
1231 2943 1337 3026 deum,
1359 2967 1390 3030 p.
1406 2943 1510 3026 138‚3

112 3045 178 3112 615
190 3047 231 3111 de
243 3047 422 3112 Penatibus
438 3057 470 3113 et
486 3071 503 3110 6
517 3047 645 3113 Graeca
661 3048 772 3114 fabula
787 3059 820 3112 61
835 3071 877 3112 ex
889 3049 1101 3113 Etruscorum
1113 3048 1284 3133 disciplina
1296 3049 1509 3134 explicandis,
1609 3110 1610 3133 ,

110 3174 141 3237 p.
159 3152 231 3234 139,
245 3153 265 3215 2
278 3152 319 3216 de
331 3151 481 3216 Laribus.
508 3175 547 3216 ac
564 3153 605 3216 de
617 3153 796 3217 Penatibus
810 3153 996 3218 Macrobius
1014 3153 1074 3234 ΙΠ,
1086 3153 1118 3234 4,
1132 3153 1180 3238 6²)
1196 3153 1265 3217 fere
1281 3153 1395 3217 eadem
1409 3153 1510 3219 refert

110 3266 210 3341 atque
225 3254 399 3340 Arnobius,
421 3277 504 3341 quae
526 3277 568 3320 ex
583 3257 697 3322 eodem
714 3256 832 3344 fontes)
853 3267 941 3321 certe
962 3257 1108 3322 derivata
1128 3265 1212 3338 sunt,
1233 3278 1427 3343 quamquam
1446 3281 1510 3322 non

111 3383 154 3424 ex
171 3361 241 3446 ipso
258 3359 413 3425 Labeone
429 3385 448 3425 a
464 3361 630 3426 Macrobio
647 3384 685 3424 ea
701 3371 857 3448 excerpta
872 3385 942 3427 esse
958 3362 1095 3447 adparet
1109 3361 1162 3425 161
1178 3383 1220 3426 ex
1235 3360 1285 3425 his
1301 3361 1423 3427 verbis:
1441 3363 1509 3426 ‘sed

110 3467 165 3549 qui
182 3463 367 3548 diligentius
384 3475 500 3528 eruunt
512 3466 691 3530 veritatem'
706 3464 764 3551 (so.
783 3489 880 3552 quam
891 3467 1006 3547 Varro,
1023 3488 1228 3551 quamquam,
1246 3488 1329 3552 quae
1346 3477 1508 3549 secuntur,

113 3579 146 3632 et
165 3569 237 3654 ipsa
249 3569 406 3634 Varronis
426 3569 528 3654 suno)
554 3569 678 3634 collatis
701 3592 774 3633 cum
788 3568 925 3634 Arnobii
953 3574 1024 3634 ‘nec
1041 3570 1223 3653 defuerunt,
1241 3572 1359 3655 qui...’
1377 3581 1409 3636 61
1423 3572 1509 3655 inde,

219 3763 238 3828 ¹)
252 3763 283 3811 Id
296 3768 386 3812 11111611
400 3780 448 3814 nos
461 3780 523 3826 nou,
536 3770 566 3813 ut
579 3764 783 3814 Kretschmsrus
796 3764 814 3812 l.
826 3781 847 3813 c.
858 3781 884 3829 p.
895 3766 928 3813 58
941 3763 1096 3814 dubitanter
1108 3780 1172 3814 66116
1184 3767 1297 3826 monuit,
1309 3765 1429 3830 impedit,
1446 3780 1509 3829 quo·
1524 3742 1528 3748 Ι

111 3854 200 3902 minus
213 3865 253 3912 ea,
268 3865 337 3917 quae
348 3851 435 3901 Noctt.
446 3852 500 3901 Att.
510 3853 545 3913 11,
556 3854 596 3915 26,
608 3853 767 3902 locassent:
786 3853 892 3902 ‘nostris
904 3857 995 3902 autem
1008 3853 1145 3902 veteribus
1163 3854 1252 3902 caesia
1263 3853 1336 3901 diota
1348 3858 1396 3913 661,
1414 3867 1482 3916 quas
1494 3867 1511 3900 6
1609 3916 1610 3919 ¹

110 3939 223 3989 Graecis
239 3935 393 4005 γλαυκῶπις,
411 3943 441 3987 ut
453 3938 575 4004 Nigidius
596 3940 642 4001 ait,
661 3939 694 3988 de
711 3938 800 3989 colore
818 3939 894 4001 caeli,
913 3941 989 4005 quasi
1006 3936 1109 4000 caelia,‘
1127 3953 1187 3987 cum
1204 3939 1315 3988 Hertzio
1334 3941 1369 4001 (1.
1379 3956 1403 4004 p.
1415 3938 1459 4003 36)
1476 3939 1510 3987 ad

110 4027 192 4075 libros
205 4025 248 4074 ‘do
260 4021 319 4074 diis'
331 4025 485 4087 referamus,
498 4042 558 4075 cum
573 4025 677 4076 Gellius
691 4025 757 4076 haec
770 4025 815 4077 161
828 4041 860 4075 ex
872 4027 929 4092 ipso
940 4027 1086 4087 Frontone,
1098 4040 1177 4090 quem
1190 4040 1223 4075 ea
1235 4024 1368 4074 dicentem
1380 4025 1453 4086 facit,
1466 4024 1509 4074 vel

110 4112 222 4162 aliunde
235 4115 327 4176 petere
340 4113 463 4176 potuerit.

217 4199 238 4262 ²)
253 4199 321 4248 Cum
334 4198 385 4248 1166
397 4197 456 4248 1666
470 4200 631 4249 conferenda
643 4205 705 4250 suut
717 4200 819 4250 scholia
830 4199 1217 4261 aern.1,378‚11,325,111,
1231 4201 1287 4248 119.

216 4285 237 4350 ³)
251 4285 290 4336 Cf.
306 4285 435 4335 Linkium
449 4291 561 4351 qnaestt.
578 4286 610 4336 de
624 4288 703 4336 Macr.
715 4289 769 4338 Sat.
783 4285 1417 4354 16111111.3361111.61Ψ16661111111611161861.
1431 4286 1508 4335 fontt.
1609 4266 1610 4271 ¹

110 4391 134 4439 p.
147 4375 267 4435 61-443
285 4372 391 4423 'I'rauhe
404 4388 458 4422 var.
474 4372 561 4422 libam.
574 4376 630 4423 crit.
640 4375 744 4424 Monac.
761 4375 827 4424 1883
840 4391 865 4439 p.
876 4376 978 4424 23-38
991 4375 1144 4436 Fonteium,
1160 4389 1240 4439 quern
1256 4373 1385 4423 Labeone
1402 4377 1429 4422 et
1441 4374 1509 4422 Iam·

109 4459 202 4509 11116116
216 4475 293 4509 usum
306 4473 364 4508 6666
376 4464 462 4525 putat,
473 4460 604 4509 Macrobii
617 4467 752 4510 auctorem
765 4476 824 4511 6666
837 4462 1009 4528 comprobare
1019 4461 1129 4511 studuit.

216 4545 238 4610 ⁴)
257 4545 298 4596 Of.
307 4544 545 4610 Eyssenhardtium
559 4547 685 4598 Martiani
698 4546 799 4612 Capell.
811 4549 893 4614 praef.
908 4566 932 4615 p.
947 4549 1077 4600 XXXVII
1091 4553 1118 4600 et
1132 4548 1249 4602 XXXIII
1262 4564 1301 4620 sq.
1311 4552 1339 4598 61
1353 4547 1510 4606 Wissowam

110 4633 231 4686 Hermas
243 4637 262 4682 t.
272 4632 358 4682 XXH.
372 4649 396 4698 p.
407 4635 448 4682 51.
