3225 5092
6 4828 59 5053 ff*
6 4772 8 4782 7,

2910 232 2995 306 29

199 429 685 495 Schmeisserus
717 429 863 493 ‘Die
904 427 1270 492 etruskische
1300 428 1633 514 Disciplin'
1675 429 2103 513 (Liegnitziae
2134 452 2191 493 a.
2221 428 2416 517 1881)
2440 453 2502 516 p,
2531 429 2633 513 35,
2667 430 2816 495 adn.
2857 432 3000 514 165,

198 536 341 600 sive
387 557 422 598 e
464 535 784 617 Varrone,
832 536 969 598 sive
1015 555 1050 596 e
1091 533 1352 617 Nigidio
1393 555 1537 598 eam
1578 533 1865 618 pendere
1904 543 2237 619 putamus,
2294 535 2569 598 fortasse
2610 545 2789 600 recte
2835 536 3002 600 dixit

197 638 574 703 Cornelium
607 638 986 703 Labeonem
1017 638 1236 722 fuisse,
1270 659 1663 725 quamquam
1700 639 1891 701 certis
1922 640 2317 722 argumentis
2348 638 2513 702 haec
2545 641 2758 725 opinio
2791 640 3004 705 fulciri

199 744 446 830 nequit,
488 744 612 807 nisi
644 742 807 808 forte
841 741 1208 827 similitudo,
1252 763 1420 828 quae
1449 743 1619 806 inter
1647 740 1963 805 Macrobii
2004 740 2084 827 (Ι,
2115 741 2212 820 12,
2240 741 2353 828 23)
2394 742 2598 807 verba
2641 766 2675 808 e
2708 743 3005 808 Cornelio

197 846 435 911 hausta
467 851 655 932 ‘sunt,
690 849 798 933 qui
848 847 1070 911 dicant
1108 846 1277 910 hanc
1317 845 1527 909 deam’
1561 845 1842 930 (Bonam
1874 845 2104 931 Deam,
2140 868 2334 931 quam
2361 847 2632 912 Terram
2666 870 2807 911 esse
2835 849 3002 928 vult)

197 951 576 1037 ‘potentiam
605 950 847 1016 habere
879 951 1227 1035 Iunonis,
1267 950 1542 1034 ideoque
1580 948 1842 1034 regale
1884 958 2273 1035 sceptrum
2313 951 2379 1014 in
2412 952 2667 1016 sinistra
2706 975 2901 1016 manu
2944 954 3004 1017 ei

200 1055 542 1138 additum',
568 1065 633 1120 et
655 1055 959 1120 Martiani
983 1054 1148 1118 haec
1178 1053 1550 1118 intercedit:
1584 1056 1692 1117 ‘ex
1720 1053 1821 1118 bis
1854 1062 2122 1141 septena
2154 1054 2473 1142 (regione)
2499 1055 2812 1121 Saturnus
2845 1057 3003 1121 eius-

200 1182 327 1245 que
360 1159 667 1224 caelestis
696 1159 859 1223 Iuno
894 1167 1365 1243 consequenter
1394 1159 1626 1240 acciti',
1660 1157 1929 1222 alicuius
1961 1160 2268 1223 momenti
2301 1180 2441 1222 esse
2476 1159 2753 1224 videtur.

417 1262 546 1330 Sed
572 1272 644 1327 ut
669 1263 752 1328 ad
779 1261 1273 1347 Eyssenhardtii
1303 1263 1691 1326 sententiam
1718 1261 2003 1347 redeam,
2037 1263 2145 1347 qui
2167 1262 2468 1327 Martiani
2493 1271 2817 1329 auctorem
2843 1263 3007 1329 haec

199 1391 327 1434 non
368 1391 405 1432 6
446 1368 761 1451 Varrone,
809 1366 924 1431 sed
971 1389 1008 1430 e
1053 1366 1316 1451 Nigidio
1363 1375 1726 1430 mutuatum
1773 1387 1914 1431 esse
1955 1368 2195 1449 statuit,
2240 1369 2299 1430 ei
2338 1389 2546 1453 nuper
2577 1367 2899 1434 Wissowa
2936 1371 3003 1433 in

199 1473 744 1538 commentatione
810 1469 952 1534 ‘Die
999 1469 1508 1557 Ueberlieferuny
1561 1469 1715 1534 iiber
1769 1471 1867 1534 die
1929 1471 2260 1533 romi-schem
2307 1471 2606 1534 Penaten'
2670 1474 3001 1559 inscripta,

199 1577 488 1642 Hermae
512 1586 663 1641 tom.
681 1575 906 1640 XXII.
926 1597 989 1660 p.
1009 1574 1094 1640 55
1112 1596 1226 1660 sq.,
1252 1596 1644 1661 quamquam
1669 1576 2294 1659 argumentationem
2317 1574 2485 1639 illius
2507 1577 2631 1640 viri
2654 1576 3004 1642 doctissimi

200 1681 419 1766 aliqua
459 1703 548 1744 ex
587 1690 770 1768 parte
811 1702 1044 1765 parum
1084 1679 1166 1743 ad
1207 1678 1760 1764 comprobandam
1804 1701 1946 1744 eam
1987 1680 2373 1744 sententiam
2412 1679 2631 1744 valere
2665 1685 3002 1762 concessit,

203 1797 425 1849 tamen
457 1785 889 1871 adstipulatus
923 1793 1048 1849 est:
1088 1806 1300 1870 neque
1332 1806 1453 1869 ego
1492 1807 1562 1849 re
1603 1787 1837 1848 iterum
1877 1786 2239 1869 iterumque
2281 1794 2580 1870 reputata
2617 1785 2847 1872 habe0,
2890 1810 3005 1851 cur

196 1892 620 1975 argumentiS,
663 1888 898 1974 quibus
929 1889 1252 1954 Wissowa
1295 1889 1539 1953 fontem
1568 1887 1760 1953 huius
1790 1890 1913 1953 loci
1944 1910 2075 1953 non
2098 1888 2481 1972 Varronem,
2527 1888 2641 1955 sed
2674 1889 3005 1975 Nigidium

197 2016 338 2058 esse
372 1994 498 2058 sibi
529 1995 867 2079 persuasit,
912 1993 1243 2079 obloquar.
1316 1994 1593 2079 primum
1628 1995 1819 2076 enim,
1862 2015 2009 2058 cum
2042 2015 2112 2058 re
2142 2015 2300 2057 vera
2336 1993 2632 2080 plurima,
2675 2015 2840 2079 quae
2878 1995 2919 2060 l.
2946 2017 3001 2060 6.

194 2097 521 2183 leguntur,
562 2097 909 2162 Etruscam
949 2096 1286 2162 redoleant
1314 2097 1746 2183 disciplinam,
1786 2098 2187 2184 probabilius
2227 2098 2392 2163 haec
2423 2098 2507 2163 ad
2539 2099 2875 2182 Nigidium
2906 2122 3001 2164 re-

197 2203 516 2280 feruntur,
561 2223 753 2287 quem
797 2202 880 2266 de
910 2202 1333 2266 Etruscorum
1365 2201 1619 2289 placitis
1650 2202 1854 2266 fusius
1885 2204 2095 2286 egisse
2128 2206 2384 2285 361111113,
2428 2224 2620 2287 quam
2659 2203 2744 2267 ad
2769 2203 3002 2268 Varro-

195 2329 365 2390 nem,
409 2328 608 2392 quem
641 2328 718 2371 ea
746 2328 877 2371 non
908 2305 1116 2370 obiter
1145 2314 1397 2371 tantum
1430 2308 1770 2371 occasione
1802 2307 1955 2371 data
1985 2309 2296 2391 tetigisse,
2340 2306 2454 2370 sed
2487 2309 2681 2372 etiam
2710 2307 2998 2392 longiore

199 2412 607 2496 expositione
639 2409 990 2475 illustrasse
1014 2412 1129 2474 vix
1161 2410 1339 2474 credi
1370 2419 1601 2496 potest.
1676 2410 1933 2498 deinde,
1968 2433 2358 2496 quamquam
2388 2433 2627 2495 magna
2660 2413 3004 2476 intercedit

196 2513 553 2580 similitudo
583 2517 751 2578 inter
787 2515 1090 2579 Martiani
1122 2515 1327 2580 verba
1359 2514 1520 2579 haec
1553 2515 1633 2601 (Ι,
1659 2514 1802 2601 41):
1847 2518 1944 2579 ‘ac
1974 2538 2130 2580 mox
2158 2516 2332 2580 Iovis
2364 2515 2577 2581 scriba
2608 2518 3003 2602 praecipitur

193 2643 311 2706 pro
359 2642 478 2684 suo
526 2619 753 2683 ordine
797 2642 877 2684 ac
923 2620 1078 2684 ratis
1124 2619 1331 2684 modis
1379 2618 1718 2684 caelicolas
1765 2620 2091 2684 advocare
2136 2620 2616 2706 praecipueque
2672 2630 2999 2687 senatores

194 2723 488 2805 deorum,
566 2725 675 2808 qui
733 2723 1014 2788 Penates
1074 2723 1452 2788 ferebantur
1511 2723 1824 2787 Tonantis
1883 2725 2103 2809 ipsiuS,
2166 2745 2637 2810 quorumque
2696 2728 3000 2790 nomina

201 2830 560 2912 quoniam
591 2826 979 2912 publicari
1012 2837 1391 2892 secretum
1424 2827 1762 2893 caeleste
1792 2849 1939 2892 11011
1970 2828 2321 2914 pertulit,
2356 2849 2440 2892 ex
2464 2851 2558 2906 eo,
2593 2829 2763 2913 quod
2788 2830 3000 2893 omnia

199 2933 458 3018 pariter
504 2933 986 3018 repromittunt,
1043 2953 1274 2996 nomen
1322 2933 1412 2995 eis
1459 2933 1877 2996 consensione
1909 2933 2222 3018 perfecit}
2270 2943 2334 2996 et
2378 2932 2568 3016 haec,
2614 2955 2779 3019 quae
2824 2934 3000 3018 apud

194 3036 566 3100 Arnobium
617 3045 876 3100 exstant
921 3036 1042 3121 III,
1074 3035 1187 3099 40:
1232 3036 1519 3114 ‘Var1·o‚
1572 3039 1682 3121 qui
1724 3047 1871 3101 sunt
1912 3039 2225 3101 introrsus
2269 3046 2462 3122 atque
2507 3039 2569 3100 in
2617 3038 2761 3102 imis
2809 3060 2999 3123 pene·

192 3140 470 3204 tralibus
521 3140 700 3221 caeli,
756 3139 913 3203 deos
968 3161 1108 3203 esse
1158 3150 1404 3222 censet,
1471 3163 1630 3226 quos
1675 3141 1995 3226 loquimur
2046 3140 2164 3226 (36.
2212 3141 2537 3227 Penates),
2603 3163 2725 3207 nec
2780 3164 2999 3208 eorum

191 3265 548 3308 numerum
594 3266 733 3308 nec
772 3267 1038 3309 nomen
1082 3246 1284 3309 sciri.
1355 3244 1470 3309 hos
1510 3244 1866 3310 Consentes
1908 3255 1973 3308 et
2011 3244 2375 3332 Complices
2413 3245 2677 3309 Etrusci
2717 3248 2895 3310 aiunt
2934 3256 2997 3310 et

192 3351 563 3430 nominant,
616 3348 788 3433 quod
828 3371 956 3412 una
997 3350 1286 3412 oriantur
1324 3358 1387 3411 et
1427 3349 1728 3412 occidant
1766 3372 1923 3431 11113,
1954 3349 2173 3413 ...3611
2216 3371 2325 3414 603
2366 3351 2596 3414 3111111111
2638 3350 2813 3414 Iovis
2854 3373 2997 3414 con·

193 3453 468 3517 siliarios
487 3473 569 3516 ac
589 3453 937 3538 participes
958 3452 1355 3535 existimari',
1385 3491 1471 3499 —
1502 3474 1897 3538 quamquam
1916 3474 2153 3537 magna
2174 3463 2272 3516 est
2292 3453 2453 3518 haec
2475 3454 2760 3518 locorum
2788 3455 2997 3518 simili-

193 3556 370 3634 tudo,
390 3566 616 3619 tamen
638 3556 1017 3637 differentia,
1046 3579 1211 3642 quae
1231 3559 1398 3620 inter
1420 3557 1636 3621 locum
1658 3568 2001 3643 utrumque
2022 3557 2381 3642 intercedit,
2405 3558 2689 3622 notanda
2705 3571 2822 3643 est,
2849 3581 2996 3622 cum

194 3662 405 3725 Varro
443 3659 526 3723 de
549 3659 909 3725 Penatibus
940 3663 1006 3724 in
1037 3662 1434 3743 universum,
1467 3662 1826 3727 Martianus
1859 3661 1940 3725 de
1964 3662 2138 3726 Iovis
2161 3661 2514 3726 Penatibus
2545 3663 2750 3727 verba
2782 3663 2994 3744 faciat,

192 3787 358 3850 quae
384 3766 830 3850 discrepantia
854 3765 1218 3850 explicatur
1241 3765 1548 3830 adhibitis
1567 3766 1841 3831 Arnobii
1857 3765 2076 3830 verbis
2095 3765 2333 3851 (ibid),
2360 3788 2395 3829 e
2415 3767 2647 3851 quibus
2664 3768 2995 3851 Nigidium

195 3870 633 3956 comperimus
665 3867 1039 3956 disciplinas
1063 3871 1372 3936 Etruscas
1399 3881 1691 3935 secutum
1723 3879 2025 3956 quattuor
2048 3871 2388 3935 Penatium
2411 3893 2653 3954 genera
2677 3874 2995 3955 statuisse,

195 3996 276 4036 ex
300 3973 542 4058 quibus
565 3973 722 4038 alios
739 3974 912 4037 Iovis
938 3996 1098 4056 esse,
1124 3974 1281 4039 alios
1298 3974 1610 4061 Neptuni,
1636 3975 1989 4040 inferorum
2011 3978 2252 4057 tertios,
2278 3975 2643 4039 mortalium
2667 3975 2998 4041 hominum

195 4088 477 4162 quartos,
544 4075 629 4139 ad
653 4078 989 4161 Nigidium
1020 4090 1237 4144 autem
1267 4079 1447 4144 locus
1471 4081 1772 4145 Martiani
1804 4102 1880 4144 eo
1911 4083 2115 4165 magis
2146 4080 2526 4145 referendus
2551 4101 2691 4144 esse
2716 4081 2996 4163 videtur,

192 4180 365 4267 quod
398 4180 662 4245 accedit
689 4182 893 4247 altera
924 4185 1091 4248 inter
1121 4181 1310 4247 huius
1334 4184 1457 4247 loci
1483 4192 1815 4248 auctorem
1839 4195 1903 4249 et
1927 4185 2287 4250 Varronem
2312 4184 2766 4270 discrepantia,
2802 4208 2998 4271 quam

192 4286 520 4350 Wissowa
550 4285 863 4368 neglexit:
898 4309 1133 4351 nomen
1165 4290 1335 4352 enim
1361 4287 1757 4353 ‘Consentes'
1786 4289 1947 4354 alter
1978 4311 2016 4352 a
2042 4289 2543 4354 ‘consentiendo'
2577 4289 2823 4355 factum
2856 4313 2996 4356 esse

195 4390 372 4472 dicit,
405 4390 575 4454 alter
603 4389 755 4453 inde
788 4390 1095 4476 explicat,
1131 4392 1323 4477 ‘quod
1359 4415 1487 4457 una
1518 4395 1805 4458 oriantur
1835 4403 1899 4457 et
1930 4393 2229 4458 occidant
2257 4394 2426 4458 una'.

405 4492 543 4558 Sed
588 4506 660 4558 ut
705 4497 772 4560 in
817 4495 943 4560 hac
987 4518 1058 4560 re
1114 4495 1534 4562 diiudicanda
1587 4521 1737 4563 cum
1782 4499 2105 4564 Wissowa
2152 4499 2348 4576 facie,
2410 4500 2503 4563 ita
2554 4521 2681 4564 11011
2736 4522 2997 4586 possum

198 4599 582 4663 sententiam
609 4598 908 4686 probare,
942 4621 1137 4684 quam
1160 4602 1261 4665 vir
1284 4600 1389 4665 ille
1415 4600 1824 4667 doctissimus
1848 4603 1930 4667 de
1954 4605 2221 4689 ratione,
2256 4626 2421 4689 quae
2444 4605 2615 4669 inter
2636 4604 2997 4671 Varronem
