3225 5092
783 655 905 754 OYN.

250 919 340 983 Inter
349 919 525 1003 particulas
535 918 736 982 conclusivas
746 917 944 982 creberrima
953 926 985 980 et
993 918 1161 981 notissima
1169 925 1218 980 est
1230 917 1285 1000 οὖν,
1300 917 1391 980 cuius
1402 918 1544 1000 genuina

147 1025 196 1086 vis
219 1021 430 1109 adverbialis,
457 1045 531 1088 cum
555 1025 651 1088 etiam
677 1022 765 1107 apud
792 1025 966 1108 scriptores
992 1024 1158 1106 prosaicos
1181 1022 1310 1105 saepius
1348 1023 1542 1102 inveniatur,

147 1129 288 1212 primum
304 1129 337 1190 in
351 1128 414 1192 hae
430 1129 646 1214 disputatione
662 1126 769 1192 locum
786 1126 932 1192 habebit.

833 1423 859 1487 I.

252 1581 459 1668 Ubicumque
476 1583 523 1645 vis
540 1581 718 1667 particulae
735 1579 779 1642 οὖν
794 1579 877 1644 haec
893 1587 952 1662 est,
967 1588 1004 1643 ut
1018 1579 1105 1644 nullo
1121 1578 1217 1644 modo
1238 1579 1279 1658 ad
1301 1602 1461 1644 conexum
1476 1601 1545 1644 seu-

148 1687 322 1750 tentiarum
346 1687 520 1771 pertineat,
544 1685 602 1748 sed
626 1707 664 1748 ea
687 1686 793 1771 ipsum
817 1685 1032 1768 enuntiatum,
1057 1685 1109 1747 cui
1132 1683 1277 1766 additur,
1301 1684 1452 1748 firmius
1476 1693 1545 1748 sta-

149 1789 323 1873 biliatur,
345 1811 475 1877 semper
491 1813 565 1855 oum
580 1789 643 1854 alia
658 1789 819 1875 particula
834 1790 1079 1852 est‘coniunota.
1112 1789 1133 1850 ii
1154 1790 1241 1851 enim
1260 1788 1336 1869 loci,
1361 1788 1479 1874 quibus
1501 1787 1546 1850 οὖν

150 1894 253 1959 solum
274 1895 335 1959 hoo
357 1882 454 1959 sensu
473 1897 613 1980 positum
635 1916 705 1958 osse
725 1893 904 1980 putabatur
924 1892 981 1979 (of.
997 1891 1156 1956 Kuehner
1174 1916 1206 1979 p.
1224 1891 1287 1955 719
1307 1892 1414 1978 adn),
1435 1914 1546 1957 omnes

150 1999 243 2064 aliter
259 1999 445 2085 explicandi
462 1999 576 2084 sunt1)
884 2056 886 2058 ,
974 1983 978 1992 ’

840 2105 866 2168 1.

254 2228 360 2313 Supra
375 2229 440 2293 iam
462 2231 524 2310 γὰρ
546 2225 599 2289 οὖν
619 2227 807 2310 adtigimus,
829 2247 892 2311 quo
909 2225 1093 2289 Herodotus
1109 2247 1173 2288 non
1188 2246 1262 2288 raro
1277 2247 1354 2288 usus
1370 2233 1433 2307 est,
1455 2247 1545 2310 prae-

150 2334 259 2396 sertim
275 2332 332 2397 ubi
352 2332 542 2416 declaravit,
563 2331 650 2396 unde
671 2331 768 2394 sciret
788 2329 910 2415 aliquid
927 2328 976 2415 (II
993 2329 1068 2414 127)
1084 2339 1140 2393 aut
1163 2351 1277 2415 quare
1293 2331 1432 2392 nesciret
1448 2327 1545 2414 (149,

150 2435 234 2500 VIII
259 2435 330 2518 128,
355 2437 441 2522 133).
473 2436 532 2500 sed
555 2439 728 2520 scriptores
751 2434 852 2498 Attici
876 2437 930 2516 γὰρ
954 2433 999 2495 οὖν
1027 2436 1154 2498 omnino
1179 2436 1366 2497 vitaverunt
1388 2455 1490 2518 usque
1513 2434 1547 2496 in

150 2539 302 2604 Isocratis
321 2549 480 2626 tempora,
497 2542 552 2625 qui
569 2562 643 2604 cum
659 2539 690 2603 V
707 2539 724 2601 7
742 2543 817 2613 ὅπως
836 2541 889 2621 γὰρ
909 2537 954 2600 οὖν
971 2539 1108 2622 scripsit,
1130 2559 1193 2601 non
1211 2546 1323 2601 contra
1339 2539 1424 2602 hanc
1439 2537 1546 2622 legem

150 2645 238 2726 fecit,
255 2647 330 2731 quia
346 2649 419 2718 ὅπως
432 2654 464 2708 et
480 2646 524 2706 οὖν
541 2646 594 2709 hio
611 2643 794 2729 copulanda
809 2652 893 2706 sunt.
924 2642 981 2707 sed
998 2640 1181 2725 Xenophon
1201 2649 1233 2704 et
1248 2641 1341 2705 Plato
1360 2643 1394 2705 in
1411 2642 1547 2726 dialogis

149 2750 217 2814 sine
234 2748 333 2814 dubio
349 2773 367 2814 e
384 2772 529 2814 sermone
545 2749 674 2833 vulgari
689 2750 741 2830 γὰρ
758 2748 803 2810 οὖν
818 2769 929 2810 rursus
943 2755 1147 2830 receperunt,
1163 2745 1264 2808 veluti
1276 2744 1358 2809 Plat.
1370 2745 1453 2809 Phil.
1467 2745 1509 2809 32
1519 2768 1547 2828 c,

151 2876 212 2939 quo
236 2876 333 2941 saepe
353 2877 486 2918 numero
506 2861 699 2940 responsum
721 2853 945 2933 confirmatur,
967 2851 1009 2915 of.
1030 2851 1115 2914 Xon.
1133 2849 1257 2914 Oomm.
1277 2849 1346 2913 IIII
1366 2849 1397 2935 6,
1420 2850 1460 2913 14
1481 2851 1548 2931 φημὶ

150 2961 203 3040 γὰρ
223 2960 283 3041 οὖν,
299 2959 382 3024 Plat.
399 2959 478 3045 Lys.
496 2946 590 3023 2151)
607 2963 637 3020 οὺ
656 2961 710 3041 γὰρ
730 2958 789 3029 οὖν,
812 2965 908 3042 atque
925 2959 1023 3020 etiam
1037 2956 1222 3040 praeposita
1237 2953 1398 3039 particula
1412 2955 1459 3016 καί
1476 2975 1547 3018 oon-

149 3065 269 3128 iunctio
287 3063 474 3129 conclusiva
490 3063 632 3127 efficitur
648 3061 705 3150 (cf.
722 3086 754 3149 p.
775 3060 862 3147 170).

253 3169 359 3234 Iidem
381 3171 415 3234 in
433 3171 595 3254 responsis
622 3169 681 3246 μὲν
707 3168 761 3229 οὖν
786 3167 829 3231 ad
854 3167 1047 3230 sententiam
1067 3163 1342 3229 corroborandam
1365 3163 1548 3228 adhibitum

151 3271 213 3360 (Pl.
230 3273 364 3339 Theaet.
384 3271 486 3360 155a)
504 3272 765 3358 frequentabant,
782 3271 870 3358 quod
885 3279 960 3335 ante
975 3270 1009 3334 id
1025 3279 1153 3355 tempus
1169 3271 1230 3334 hoc
1245 3269 1341 3334 modo
1357 3278 1549 3353 usurpatum

151 3398 216 3441 non
231 3378 405 3443 invenitur.

832 3498 862 3563 2.

254 3622 361 3707 Magis
376 3624 525 3686 minusve
541 3632 650 3688 autem
665 3623 755 3708 apud
771 3644 881 3687 omnes
898 3624 975 3684 ἀλλ’
993 3618 1046 3682 οὖν
1062 3619 1235 3700 invenitur,
1252 3618 1341 3703 apud
1356 3618 1548 3702 posteriores

153 3728 284 3813 quidem
304 3737 445 3793 oratores
469 3727 624 3791 crebrius.
661 3727 748 3813 quod
773 3749 847 3790 cum
873 3734 947 3811 post
970 3726 1163 3788 sententiam
1191 3723 1427 3803 concessivam,
1451 3742 1549 3807 quam

152 3831 262 3896 verbis
286 3832 412 3896 disertis
435 3834 574 3918 exprimi
598 3855 678 3919 opus
703 3855 767 3895 non
791 3840 849 3908 est,
874 3833 952 3915 poni
975 3829 1076 3893 soleat
1098 3839 1131 3892 et
1152 3828 1241 3892 idem
1263 3826 1438 3911 significet,
1463 3825 1549 3911 quod

154 3938 309 4002 Latinum
326 3948 461 4021 atcerte,
484 3939 675 4024 plerumque
698 3941 733 4019 γὲ
752 3959 816 4023 uno
839 3935 941 4000 verbo
956 3936 1123 3999 interiecto
1139 3934 1282 4017 additur,
1304 3955 1402 4019 quam
1416 3953 1485 3996 rem
1505 3932 1549 3994 in-

153 4044 265 4127 primis
288 4044 485 4127 antiquiores
509 4043 780 4122 observaverunt,
803 4042 843 4105 cf.
861 4041 940 4105 Her.
956 4039 1007 4103 III
1025 4039 1101 4121 140,
1127 4061 1223 4125 quem
1244 4038 1352 4102 locum
1371 4037 1550 4100 Hoffmann

152 4145 307 4230 neglexit,
320 4146 423 4210 Thuc.
436 4147 467 4210 V
481 4146 542 4209 113
554 4149 587 4210 in
604 4148 753 4212 orationis
765 4146 865 4230 initio,
877 4143 964 4208 And.
976 4144 1010 4208 H
1023 4142 1063 4206 18
1077 4144 1206 4229 (unicus
1218 4143 1286 4206 eius
1298 4141 1385 4205 modi
1401 4150 1450 4204 est
1461 4139 1550 4225 apud

154 4273 266 4316 eorum
289 4273 449 4337 quemque
465 4250 608 4338 locus),²)
625 4250 724 4315 Isoor.
741 4251 810 4313 IIH
827 4250 904 4332 171,
928 4249 1048 4314 Aescb,
1064 4248 1116 4312 HI
1133 4250 1187 4330 11,
1211 4247 1294 4310 Plat.
1310 4245 1443 4310 Phaedo
1467 4244 1507 4308 91
1518 4244 1549 4308 b.

260 4479 279 4546 ¹)
299 4479 385 4530 Thuc.
398 4479 463 4529 VIII
476 4480 517 4541 91,
531 4479 546 4526 3
559 4471 673 4542 οὖν...γε
687 4477 779 4528 eadem
792 4478 897 4528 ratione
910 4477 1011 4527 dictum
1025 4482 1066 4526 est
1080 4490 1133 4541 qua
1145 4473 1210 4525 alibi
1222 4475 1286 4541 γοῦν.

259 4567 280 4631 ²)
298 4567 330 4616 In
343 4565 437 4617 libello
450 4565 483 4616 de
495 4580 524 4616 re
540 4564 650 4632 publiea
663 4565 870 4616 AtheniensIum
882 4570 911 4616 et
922 4567 951 4615 in
964 4564 1129 4615 orationibus
1141 4562 1257 4628 Gorgiae
1269 4560 1442 4628 Antiphontis
1453 4561 1552 4627 Lydae

155 4653 261 4704 nullum
275 4655 333 4704 eius
345 4654 452 4720 generis
466 4652 618 4719 exemplum
631 4654 745 4720 repperi.
