3225 5092
143 206 185 270 46

146 399 211 462 huc
228 399 342 462 referri
357 399 491 482 possint,
514 405 625 462 tamen
645 404 694 459 sat
708 395 811 458 multa
826 404 939 458 contra
960 403 1031 458 e‘am
1053 397 1244 460 sententiam
1264 396 1395 460 faciunt
1425 401 1544 462 etenim

144 507 285 586 primum
299 504 367 566 iure
380 501 518 584 dubites,
535 523 612 565 num
626 500 666 562 de
678 520 870 584 unoquoque
883 501 974 582 signo
986 499 1160 584 Aegyptiis
1171 503 1302 586 propria
1312 501 1411 565 fuerit
1421 501 1543 586 fabula,

144 605 197 670 vel
212 629 289 670 num
306 628 344 670 ea
359 605 489 688 Nigidio
508 614 583 669 nota
599 604 705 680 fuerit,
728 605 848 688 quippe
864 604 990 688 quibas
1006 602 1133 670 fabulas
1148 614 1274 669 tantum
1290 605 1455 670 eGraecis
1471 629 1543 670 auc-

145 708 269 774 toribus
291 709 344 774 vel
369 711 483 790 exiis,
509 711 564 794 qui
586 731 638 773 res
658 708 842 793 Aegyptias
862 710 1138 794 conscripserunt,
1162 708 1315 773 hauserit.
1347 710 1465 775 deinde
1489 713 1546 774 vix

147 817 218 879 veri
237 814 338 879 simile
356 823 405 878 est
421 814 591 898 Nigidium
607 812 748 895 fabulas,
775 834 858 898 quae
875 811 917 874 ad
938 812 1025 878 idem
1045 812 1134 876 sidus
1153 814 1368 899 pertinebant,
1389 837 1453 879 non
1475 837 1546 878 con-

145 921 270 984 iunctas
287 919 504 1004 proposuisse,
528 917 585 982 sed
601 927 636 981 ut
653 940 707 982 eas
724 925 901 1004 separaret,
922 919 1019 981 etiam
1036 939 1083 1002 ea,
1105 940 1189 1002 quae
1205 918 1245 982 de
1262 941 1389 1003 quoque
1404 921 1496 1003 signo
1512 921 1546 982 in

145 1024 331 1087 universum
348 1025 377 1086 ei
394 1021 533 1088 dicenda
551 1031 653 1104 erant,
674 1021 813 1085 diversis
829 1021 906 1085 locis
921 1021 1101 1106 protulisse.
1135 1032 1204 1086 tum
1225 1045 1322 1108 saepe
1342 1022 1429 1087 haud
1449 1024 1545 1088 facile

145 1130 230 1192 inter
249 1127 376 1191 fabulas
394 1126 540 1191 Graecas
562 1136 594 1190 et
611 1126 793 1213 Aegyptias
817 1126 957 1189 discerni
977 1128 1090 1210 potuit,
1114 1126 1214 1191 veluti
1234 1130 1297 1192 utri
1313 1127 1479 1212 Sphaerae
1495 1151 1544 1209 ea,

146 1254 229 1316 quae
245 1231 394 1316 Nigidius
411 1232 451 1296 de
467 1232 546 1296 Iove
562 1230 724 1296 Ammone
741 1232 894 1312 narravit,
911 1228 1084 1294 tribuenda
1100 1241 1216 1296 essent.
1248 1233 1387 1317 denique
1402 1235 1461 1295 vix
1476 1256 1546 1319 pro-

144 1335 253 1401 babile
270 1344 318 1398 est
334 1335 538 1400 scholiastam
554 1336 682 1400 fabulas
698 1336 793 1400 modo
809 1357 852 1398 ex
868 1335 938 1411 hac,
956 1333 1052 1399 modo
1068 1357 1110 1398 ox
1126 1335 1181 1399 illa
1201 1338 1306 1422 operis
1326 1346 1418 1422 parte
1435 1359 1543 1421 sump-

147 1441 227 1504 sisse
247 1449 344 1524 atque
361 1440 497 1504 fortasse
519 1440 620 1505 semel
636 1449 770 1522 tantum,
787 1441 820 1503 in
834 1438 945 1502 Ariete
961 1439 1152 1521 enarrando,
1174 1440 1214 1505 de
1234 1463 1299 1504 uno
1316 1443 1406 1524 signo
1427 1450 1545 1505 utram-

146 1566 208 1630 que
222 1543 401 1628 Sphaeram
416 1547 597 1631 inspexisse
614 1554 656 1626 ct,
674 1567 757 1630 quae
769 1543 815 1608 ibi
828 1546 1006 1620 invenerat,
1023 1545 1068 1607 ita
1080 1547 1295 1630 proposuisse,
1312 1557 1357 1627 ut,
1373 1555 1545 1631 postquam

145 1649 243 1713 alium
263 1650 384 1713 fontem
405 1659 534 1713 secutus
556 1649 597 1713 de
619 1651 720 1713 ariete
735 1648 847 1712 Helles
862 1650 1016 1735 portitore
1031 1651 1185 1732 narravit,
1208 1651 1361 1736 deinceps
1379 1673 1396 1713 e
1412 1650 1544 1735 Nigidio

145 1752 289 1818 fabulam
310 1753 350 1816 de
365 1754 444 1818 love
460 1754 623 1820 Ammone
641 1765 775 1840 poneret
791 1763 911 1839 etpost
927 1777 999 1818 eam
1015 1755 1096 1819 haec
1113 1755 1318 1838 adiungeret:
1341 1758 1488 1833 ‘cetera
1510 1766 1546 1818 ut

146 1861 293 1944 superius
306 1861 426 1943 scripta
439 1870 522 1941 sunt,
539 1859 657 1923 refert?
675 1869 848 1944 postremo,
865 1859 951 1944 quod
963 1861 1189 1942 gravissimum
1202 1868 1264 1922 est:
1281 1858 1422 1944 Ampelii
1438 1860 1545 1944 capite

147 1963 246 2027 altero
270 1985 342 2027 cum
363 1962 490 2027 scholiis
511 1963 626 2026 collato
646 1962 815 2046 Nigidium
841 1986 950 2027 omnes
977 1963 1018 2027 de
1045 1965 1177 2048 singulis
1201 1966 1301 2047 signis
1322 1962 1448 2028 fabulas
1473 1986 1545 2026 con-

145 2070 271 2132 iunctas
287 2069 490 2154 proposuisse
511 2067 657 2151 adparet.
688 2069 795 2152 pergit
815 2077 922 2131 autem
938 2067 1159 2132 Buechelerus
1179 2091 1210 2153 p.
1227 2068 1288 2130 179
1308 2070 1367 2133 ita:
1385 2066 1544 2130 ‘Gehobeu

146 2173 267 2234 werden
275 2170 1545 2258 ollejenedchwc'ert'qkeiteu,wenemauasachScaliperdasttrhdtt,dussderUuter·

147 2277 250 2340 schied
268 2277 409 2340 zwisalten
429 2276 484 2338 der
505 2275 642 2362 sphaera
664 2275 867 2341 Graecanica
890 2279 958 2340 und
977 2277 1034 2340 der
1053 2278 1191 2362 sphaera
1211 2277 1466 2342 barbaricarum·
1486 2276 1545 2340 dea

147 2379 650 2465 Ahweichunpendesathemschen
658 2381 1237 2465 uladolemundrdntsch·bubyloaisolzca
1246 2380 1545 2465 Meridiunspalt-

147 2485 255 2550 dicere
267 2486 402 2549 fortasse
410 2484 512 2550 voluit
521 2485 688 2550 ‘circulum
697 2484 960 2571 parallelum—3
975 2486 1063 2548 boida
1075 2489 1296 2551 commentarii
1303 2486 1436 2549 bildetea
1442 2486 1547 2569 peruias

148 2591 195 2654 ein
210 2581 484 2676 presseres'Goaze
500 2590 714 2654 andstandan
735 2591 769 2653 in
784 2613 934 2675 peaauem
951 2592 1228 2676 Zmammenhaap,
1247 2614 1280 2654 so
1296 2592 1368 2654 dass
1385 2591 1545 2674 Mpidtus,

147 2695 293 2758 uoclrdem
313 2718 346 2758 er
366 2696 407 2757 im
423 2695 631 2778 Allqemeiaeu
651 2717 711 2758 uon
731 2695 791 2758 den
809 2695 1088 2775 Himmclszcicheo,
1108 2695 1195 2758 ibren
1213 2695 1399 2779 Stellunpen,
1421 2695 1545 2758 Numen

147 2822 177 2863 u.
190 2822 213 2863 s.
226 2823 260 2861 w.
277 2799 430 2878 berichtet,
452 2797 528 2862 heim
542 2798 722 2886 Ueberpaup
738 2798 803 2884 auf
814 2799 1073 2886 dissipationes
1087 2801 1298 2879 Phttnomena,
1319 2801 1377 2863 den
1393 2799 1546 2885 Aufpaap

147 2904 215 2966 und
238 2903 417 2989 Uoterponp
440 2903 496 2967 der
520 2901 674 2982 Gerticos,
698 2903 763 2966 eine
784 2901 958 2988 Scheiduap
982 2905 1131 2968 ciatretea
1152 2903 1222 2968 liess
1245 2906 1385 2968 zwischea
1408 2905 1465 2967 der
1487 2903 1551 2988 aas

148 3007 250 3071 Athea
266 3008 533 3094 aurachqehendea
553 3007 691 3092 sphaera
708 3006 914 3072 Graecanica
934 3008 1001 3071 und
1022 3010 1077 3071 cler
1093 3009 1158 3096 auf
1168 3010 1367 3096 dpyptischea
1381 3011 1448 3072 und
1463 3008 1547 3070 chol-

148 3113 293 3176 ddisobeu
307 3113 561 3199 Beobachtunqen
577 3111 762 3177 bertrandae
778 3112 972 3178 barbarica'
1000 3114 1058 3178 sed
1073 3136 1114 3177 ne
1126 3114 1208 3178 haec
1224 3114 1355 3200 quidem
1371 3113 1547 3199 explicatio

151 3217 354 3304 comprobari
373 3227 489 3303 potest.
527 3239 584 3281 cur
609 3217 695 3281 enim
716 3216 974 3281 ‘Graecanicam’
995 3217 1146 3301 Nigidius
1167 3218 1339 3304 sphaeram
1357 3217 1547 3302 adpellavit,

149 3345 231 3407 quae
258 3331 346 3386 recte
374 3321 522 3386 ‘Graeca'
551 3330 620 3399 erat
646 3320 863 3407 adpellanda?
904 3322 988 3406 fugit
1022 3322 1055 3385 id
1082 3321 1299 3406 Scaligerum,
1333 3344 1406 3385 com
1439 3322 1548 3385 ‘clima
1586 3326 1587 3331 ’

149 3426 396 3491 Graecanicum'
413 3448 472 3512 pro
490 3425 596 3490 ‘clima
613 3424 786 3491 Graecum'
803 3435 893 3491 recte
910 3426 1019 3490 dicere
1036 3425 1099 3491 sibi
1115 3427 1289 3491 videretur.
1321 3448 1417 3512 porro
1432 3427 1548 3491 melius
1586 3470 1587 3473 κ

114 3585 117 3590 .
149 3540 236 3595 certe
256 3531 404 3614 Nigidius
425 3533 593 3616 utriusque
614 3529 778 3616 Sphaerae
800 3531 1045 3596 observationes
1070 3531 1112 3594 ad
1134 3532 1261 3615 singula
1281 3533 1373 3614 signa
1396 3533 1490 3595 iuxta
1513 3554 1547 3593 se
1586 3590 1587 3595 ,

148 3635 382 3721 adscripsisset.
419 3637 497 3698 etsi
518 3656 572 3699 eas
588 3635 786 3718 distinguere
807 3635 922 3720 voluit,
945 3658 1002 3699 cur
1017 3635 1176 3717 Atticam,
1197 3658 1262 3699 non
1277 3636 1456 3700 Romanam
1477 3658 1547 3721 pro·

149 3743 254 3824 posuit
268 3739 478 3824 ‘Sphaeram',
496 3761 593 3825 quam
606 3738 732 3803 facilius
747 3741 816 3825 ipse
829 3739 1003 3804 observare
1017 3741 1143 3824 potuit?
1159 3740 1236 3825 quid
1249 3762 1326 3803 vero
1339 3740 1467 3804 omnino
1480 3742 1548 3803 eius

149 3845 305 3909 intererat
324 3843 549 3929 phaenomena
564 3842 709 3928 Aegypti
725 3842 931 3907 describere?
962 3843 1020 3907 sed
1041 3844 1119 3909 dicit
1130 3843 1316 3908 Weidlerus
1332 3845 1427 3908 ‘Hist
1449 3855 1547 3908 astro·
1586 3856 1587 3859 ’

149 3949 284 4013 nomiae'
296 3947 520 4036 (Vitebergiae
529 3947 885 4035 MDOOXXXXIed.)
899 3971 929 4034 p.
942 3949 1018 4013 159:
1033 3949 1118 4013 ‘cum
1130 3949 1372 4015 ortusetobitus
1381 3948 1548 4014 stellarum

29 4105 30 4108 .
149 4052 288 4117 fixarum
311 4054 552 4140 apotelesmatis
572 4052 748 4117 formandis
769 4054 948 4138 inserviret,
968 4055 1136 4140 utriusque
1156 4055 1330 4119 discrimen
1346 4077 1403 4141 pro
1420 4054 1549 4119 climate
1586 4108 1587 4121 .

124 4195 126 4199 ,
150 4157 314 4243 Aegyptio
331 4168 362 4222 et
379 4158 506 4224 Graeco
523 4157 653 4223 docuit’
685 4166 718 4221 at
733 4180 797 4221 non
814 4158 887 4239 duo,
909 4158 967 4222 sed
987 4159 1082 4243 plura
1101 4160 1230 4224 climata
1251 4170 1377 4224 veteres
1396 4160 1548 4242 astrologi

151 4261 402 4346 distinguebant,
416 4285 518 4348 eaque
530 4262 661 4346 Nigidio
673 4271 749 4326 nota
761 4263 859 4327 fuisse
870 4262 1020 4327 vidimus.
1044 4273 1186 4328 ceterum
1197 4272 1286 4328 recte
1298 4267 1364 4329 iam
1371 4262 1547 4328 Salmasius
1586 4292 1587 4297 ¹

149 4366 169 4429 l.
184 4388 211 4429 c.
225 4389 256 4452 p.
269 4366 334 4430 584
346 4365 463 4448 docuit,
481 4368 538 4453 qui
552 4365 718 4450 generalia
733 4366 774 4430 de
786 4366 1026 4452 apotelesmatis
1038 4377 1214 4454 praecepta
1224 4369 1400 4449 traderent,
1417 4389 1471 4431 eos
1484 4390 1547 4432 non

151 4478 276 4535 certum
299 4471 464 4557 quoddam
488 4471 584 4534 clima
606 4473 767 4556 respicere
791 4482 949 4558 oportere.
986 4473 1085 4556 ‘eius’,
1109 4474 1227 4561 inquit,
1252 4477 1325 4556 ‘est,
1350 4475 1403 4559 qui
1428 4481 1547 4556 μερικῶς

153 4576 307 4660 cuiusque
323 4578 457 4660 genesin
474 4575 605 4660 colligit,
622 4577 749 4662 intueri,
766 4576 827 4642 sub
843 4600 905 4662 quo
923 4576 1049 4643 climate
1063 4577 1117 4642 ille
1133 4588 1228 4643 natus
1244 4581 1292 4660 sit,
1310 4579 1401 4641 cuius
1417 4577 1546 4642 ‘thema'
