3225 5092
139 230 177 296 16

133 424 359 488 tenuissimum
382 433 504 490 autem.
517 426 646 510 priscae
665 424 748 489 illius
764 423 925 490 Saliorum
945 427 1053 512 poesis
1072 426 1291 511 fragmentum
1309 429 1385 513 hoc,
1410 429 1451 495 de
1472 455 1536 518 quo

122 527 276 611 agimus,
302 528 372 592 loco
392 528 516 594 Nonius
536 528 629 593 nobis
650 531 800 594 servavit.
836 552 1027 615 persuasum
1048 533 1134 597 enim
1153 533 1276 616 habea,
1301 535 1343 598 ad
1368 535 1470 600 verba
1492 537 1536 600 ‘in

134 629 323 696 Saliaribus'
347 655 411 697 non
434 633 566 714 ‘sacris',
590 643 625 698 ut
648 633 820 718 Rutgersic
847 634 980 719 aliisque
1008 635 1113 698 visum
1142 646 1200 719 est,
1229 638 1288 700 sed
1315 639 1534 704 ‘carminibus’

135 735 394 820 intellegendum
415 759 495 802 esse.
528 747 615 802 certe
635 737 793 824 pluralem
807 761 872 801 non
892 740 998 803 minus
1020 760 1117 824 quam
1138 741 1335 825 singularem
1353 765 1534 827 numerum,

132 843 187 926 qui
212 841 344 920 dieitur,
367 844 399 906 in
423 842 518 906 huius
542 843 638 907 modi·
653 841 811 928 exemplis
833 842 1036 927 proferendis
1058 843 1208 909 adhiberi
1233 847 1390 931 potuisse,
1415 869 1433 910 e
1455 849 1534 912 locis

131 946 343 1010 Varronianis
356 948 439 1010 inter
452 967 486 1008 se
502 946 624 1010 collatis
641 947 682 1012 de
695 946 771 1030 ling.
781 946 854 1011 Lat.
866 947 940 1029 VH,
954 947 995 1010 26
1013 949 1055 1011 ‘in
1073 951 1214 1013 carmine
1229 949 1407 1033 Saliorum’,
1423 951 1534 1034 VIIII,

131 1051 170 1114 61
193 1051 363 1116 ‘Saliorum
392 1050 598 1115 carminibus'
624 1051 769 1137 adparet.
806 1053 977 1116 ‘carminis'
1001 1062 1110 1116 autem
1132 1053 1186 1117 vel
1218 1056 1417 1119 ‘carminum'
1441 1078 1534 1120 voca-

131 1155 244 1220 bulum
281 1157 383 1218 omitti
413 1151 570 1240 potuisse,
601 1165 732 1240 praeter
758 1156 848 1220 Festi
878 1156 986 1220 locum
1016 1179 1047 1242 p.
1069 1157 1133 1222 325
1155 1158 1187 1221 Α
1201 1158 1255 1221 15:
1293 1161 1359 1244 ‘qui
1387 1160 1465 1224 deus
1498 1163 1532 1223 in

116 1259 313 1324 ¹Saliaribus
331 1259 509 1324 Saeturnus
530 1260 733 1342 nominatur’,
760 1262 857 1324 etiam
882 1282 920 1325 ea
940 1261 1096 1326 Varronis
1120 1261 1223 1326 verba
1245 1273 1435 1347 argumento
1462 1285 1532 1328 esse

131 1366 301 1448 videntur,
325 1387 409 1451 quae
438 1375 512 1430 sunt
535 1365 577 1430 de
601 1365 652 1430 ‘de
674 1366 758 1431 l.L.'
772 1365 851 1449 VH,
877 1365 932 1444 27,
960 1366 1018 1430 ubi
1045 1367 1121 1432 boni
1152 1367 1281 1432 codices
1309 1390 1419 1433 omnes
1446 1368 1529 1433 haec

128 1470 304 1556 praebent:
326 1469 378 1534 ‘ab
403 1471 518 1536 eadem
542 1492 622 1536 voce
648 1469 791 1548 ‘Oanite',
818 1493 877 1556 pro
902 1493 965 1556 quo
984 1473 1018 1536 in
1038 1471 1153 1537 Saliari
1173 1495 1272 1538 versu
1296 1475 1453 1559 scriptum
1479 1484 1529 1538 est

129 1573 252 1640 ‘Caute'
271 1576 333 1640 hoc
351 1597 462 1640 versu:
480 1576 602 1641 ‘divum
619 1585 730 1662 empta
746 1585 851 1658 cante,
868 1575 981 1641 divum
996 1576 1057 1640 deo
1074 1577 1298 1664 supplicante'.
1325 1578 1451 1642 ·‘versu'
1467 1578 1530 1643 hoc

127 1680 223 1746 modo
245 1679 295 1744 bis
315 1703 335 1744 a
356 1680 504 1746 Varrone
524 1682 602 1766 poni
622 1702 686 1744 non
705 1681 819 1766 potuit.
855 1678 914 1744 sed
935 1702 1016 1746 cave
1036 1681 1150 1746 eredas
1171 1681 1325 1747 Andreae
1346 1680 1528 1768 Spengelio,

128 1787 184 1871 qui
198 1807 230 1872 p.
246 1782 307 1848 128
329 1783 476 1849 editionis
492 1807 512 1848 a
528 1806 562 1849 se
581 1786 767 1869 recognitae
785 1785 951 1868 ‘fortasse’,
967 1788 1021 1867 ait,
1047 1784 1119 1850 ‘hoc
1138 1807 1235 1874 versu
1254 1823 1297 1833 -
1314 1786 1526 1871 supplicante'

125 1891 168 1956 ab
183 1888 249 1955 alio
266 1888 380 1954 addita
396 1888 488 1954 sunt'.
524 1889 656 1953 offensio
681 1898 790 1954 autem
814 1888 869 1953 illa
889 1896 925 1952 ut
939 1891 1106 1972 vitaretur,
1135 1891 1200 1954 iam
1219 1892 1255 1972 is,
1282 1891 1373 1953 cuius
1398 1913 1474 1955 cura
1493 1893 1529 1955 in

130 1995 252 2060 codicis
277 1994 305 2058 B
328 1994 436 2058 littera
462 1995 606 2077 insigniti
632 1992 825 2058 lectionibus
844 1995 943 2057 variis
968 1997 1186 2078 cognoscitur,
1215 2016 1294 2080 quas
1310 1995 1472 2060 Victorius
1493 1999 1529 2060 in

127 2101 269 2164 editione
282 2097 478 2184 Gryphiana
490 2098 666 2180 adnotavit,
682 2099 861 2183 propriore
874 2099 991 2163 ‘versu'
1006 2099 1134 2185 scripsit
1148 2098 1320 2163 ‘carmine'.
1342 2121 1402 2183 ego
1417 2111 1528 2165 autem

127 2205 257 2288 ‘versu’,
269 2213 305 2268 ut
317 2204 403 2289 quod
416 2225 434 2266 e
446 2205 595 2288 proxima
605 2203 690 2267 linea
702 2204 877 2289 irrepserit,
891 2203 1155 2288 expungendum,
1169 2203 1226 2267 sed
1240 2203 1401 2268 ‘carmine’
1416 2214 1526 2270 mente

125 2318 251 2374 tantum
268 2309 485 2395 supplendum
506 2328 637 2391 censeo,
662 2309 760 2372 etsie
784 2311 850 2374 iam
870 2308 1046 2373 Iordanum
1067 2309 1158 2371 ‘Krit
1172 2307 1280 2372 Bau?
1296 2331 1328 2395 p.
1345 2307 1409 2373 222
1429 2311 1526 2373 tacite

125 2413 213 2478 hunc
234 2413 340 2478 locum
362 2415 542 2478 correxisse
562 2413 667 2477 video.
700 2434 742 2476 ex
758 2411 918 2478 Saliorum
937 2414 1035 2496 igitur
1055 2412 1251 2477 carminibus
1266 2412 1433 2497 Nigidium
1452 2412 1525 2497 hoc,

128 2710 284 2762 liberalitati
302 2713 433 2762 maximae
454 2711 547 2762 debeo.
577 2711 691 2777 legimus
709 2713 790 2777 igitur
806 2712 836 2760 in
853 2709 932 2762 Pauli
948 2711 1041 2760 Festo:
1061 2710 1252 2760 ‘Athanuvium
1270 2716 1311 2761 est
1326 2709 1417 2776 poculi
1433 2710 1525 2762 fictilis

124 2815 224 2866 genus,
248 2815 301 2864 quo
323 2801 352 2847 in
373 2798 511 2849 sacrificiis
532 2799 677 2849 utebantur
698 2799 850 2849 sacerdotes
866 2799 998 2848 Romani'
1022 2798 1134 2848 adnotat
1149 2796 1309 2848 Muellerus:
1328 2798 1523 2866 ‘athanuviuml

41 2883 187 2962 &boni
206 2885 290 2948 codd,
309 2891 438 2950 quantum
456 2885 587 2951 intelligo.
606 2886 779 2936 ‘atanuvium‘
797 2902 840 2952 vg.
854 2885 986 2947 Lindem,
1004 2885 1075 2950 quod
1092 2900 1109 2935 a
1121 2884 1223 2935 Graeco
1236 2880 1336 2934 ἄττανον
1352 2886 1369 2934 i.
1384 2901 1409 2950 q.
1420 2884 1524 2952 τήγανον

125 2975 236 3024 deduxit
252 2973 319 3023 Dac.
346 2978 374 3022 at
395 2971 498 3040 τήγανον
515 2988 569 3022 non
588 2978 628 3022 est
647 2973 785 3038 poculum,
808 2978 836 3022 et
852 2978 971 3036 praestat
986 2972 1122 3034 confiteri,
1146 2974 1261 3038 priorem
1278 2971 1403 3021 vocabuli
1419 2977 1524 3037 partem

126 3061 268 3111 obscuram
281 3059 373 3109 videri.
399 3059 511 3109 ultimae
524 3058 644 3124 syllabae
657 3060 766 3110 eaedem
780 3066 851 3123 sunt,
868 3061 978 3124 quaein
991 3075 1049 3108 voc.
1064 3059 1250 3123 simpuvium,
1268 3058 1337 3108 alius
1352 3060 1424 3108 vasis
1435 3062 1523 3124 ponti-

124 3148 208 3198 ficalis
226 3147 350 3196 nomine*
379 3147 430 3197 hoc
452 3147 485 3196 de
505 3146 606 3196 ultimis
622 3146 732 3210 syllabis
749 3148 897 3196 rectissime
913 3146 1065 3208 adnotavit,
1089 3161 1143 3194 non
1159 3147 1237 3208 item,
1255 3160 1324 3210 quae
1340 3146 1374 3196 de
1390 3147 1523 3211 prioribus

123 3241 216 3285 contra
228 3235 372 3284 Dacerium
385 3236 486 3284 statuit.
511 3250 573 3284 uam
589 3235 669 3284 etiam
681 3233 822 3300 ‘poculum’
832 3236 879 3296 ita,
895 3239 926 3284 ut
936 3232 1098 3284 Graecorum
1108 3227 1208 3282 ἄπανον
1220 3233 1335 3298 ((Τίῳεί,
1347 3232 1448 3297 Ncpf')
1458 3249 1521 3283 con-

122 3324 265 3372 formatum
279 3337 336 3372 esse
349 3329 376 3372 et
388 3337 404 3371 a
416 3322 502 3372 forma
515 3337 613 3372 nomen
631 3323 753 3387 accipere
769 3323 887 3387 potuisse
904 3322 997 3386 negari
1012 3321 1111 3384 nequit.
1135 3320 1256 3370 codicum
1271 3325 1362 3370 autem
1375 3322 1521 3371 auctoritas

122 3410 226 3459 obstare
243 3424 297 3458 non
317 3409 406 3470 debet,
425 3411 569 3473 quominus
582 3410 621 3458 ‘tt'
634 3424 681 3474 pro
695 3409 740 3458 ‘th'
757 3409 911 3458 scribamus.
936 3407 1007 3474 quod
1024 3408 1047 3456 si
1063 3407 1183 3469 facimus,
1202 3407 1313 3456 formam
1331 3409 1519 3471 nanciscimur,

123 3512 203 3560 quam
220 3497 252 3546 ab
271 3496 372 3545 ‘attani’
389 3510 455 3546 voce
473 3497 620 3546 derivatam
637 3511 695 3546 esse
712 3501 783 3561 puto.
813 3511 882 3561 quae
904 3496 1059 3544 coniectura
1081 3495 1281 3544 commendatur
1301 3509 1382 3559 quam
1402 3496 1520 3545 maxime

121 3583 274 3647 Philoxeni,
293 3599 372 3648 quem
390 3590 497 3645 vocant,
515 3582 604 3649 glossa
621 3599 646 3648 p.
661 3585 702 3646 22,
721 3586 752 3631 15
766 3583 806 3632 ed.
822 3583 948 3632 Vulcanii
962 3603 990 3624 =
1006 3581 1083 3646 Corp.
1099 3581 1179 3646 gloss.
1194 3580 1239 3632 lat.
1255 3581 1307 3648 vol.
1322 3581 1365 3643 Π,
1376 3599 1401 3648 p.
1412 3583 1453 3642 22,
1471 3584 1518 3631 47:

123 3671 283 3720 ‘Atnanulus
297 3686 372 3737 αγιον,
385 3672 483 3736 'irpeas
498 3687 586 3719 σκευοσ
598 3668 740 3737 κειμηλιον,’
758 3671 805 3720 ubi
818 3669 938 3736 Scaliger
950 3669 1019 3720 bene
1036 3671 1150 3719 correxit
1166 3666 1271 3736 ἀγγεῖον,
1289 3669 1335 3718 sed
1351 3676 1451 3720 temere
1468 3686 1517 3736 pro

122 3757 286 3807 ‘atnanulus'
299 3759 457 3808 ‘atanuvius’
470 3759 575 3823 scripsit
587 3757 666 3808 Pauli
678 3757 769 3808 habita
781 3760 892 3808 ratione.
917 3759 998 3807 immo
1011 3755 1170 3806 ‘athanulus’
1183 3757 1291 3806 subesse
1307 3756 1417 3822 adparet
1428 3772 1518 3822 neque

121 3861 169 3896 nos
189 3845 367 3910 discrepantia
384 3847 454 3895 inter
470 3845 549 3896 Pauli
565 3847 676 3896 Festum
694 3852 722 3896 et
737 3846 879 3896 Philoxeni
900 3845 1058 3911 glossarium
1079 3859 1111 3893 ex
1129 3845 1236 3908 optimis
1256 3844 1374 3893 fontibus
1390 3843 1517 3894 haustum

120 3935 200 3983 miros
213 3933 311 3983 habere
323 3937 419 3998 potest.
445 3949 478 3982 en
495 3934 578 3983 habes
592 3935 677 3983 atiani
690 3934 801 3983 formam
816 3934 1017 3994 deminutivum,
1030 3933 1107 3981 cuius
1116 3947 1177 3981 cum
1187 3932 1372 3981 ‘attauuvium’
1382 3931 1516 3981 vocabulo

121 4021 177 4070 fere
200 4020 294 4070 eadem
314 4027 354 4070 est
372 4023 505 4086 cognatio,
524 4036 593 4087 quae
611 4023 681 4071 inter
705 4021 867 4086 ‘simpulum'
891 4027 918 4070 et
940 4019 1118 4084 ‘simpuvium'
1141 4019 1290 4069 intercedit.
1324 4034 1386 4069 nam
1408 4021 1516 4084 generis

121 4107 262 4158 diversitas
280 4113 373 4158 contra
396 4109 462 4158 nihil
481 4108 566 4174 valet3
595 4109 627 4158 ef.
642 4108 780 4159 Kuehneri
796 4124 905 4175 gramm.
928 4111 950 4171 §-
963 4109 1021 4170 107,
1033 4109 1054 4157 1.
1065 4105 1079 4172 β
1092 4124 1117 4172 p.
1128 4109 1187 4170 302,
1208 4108 1286 4157 Neue
1302 4107 1335 4170 12,
1348 4109 1407 4170 321,
1427 4107 1515 4172 Appel

119 4195 161 4244 ‘de
184 4209 282 4260 genere
305 4201 401 4245 neutro
420 4197 588 4246 intereunte'.
626 4202 744 4246 ceterum
770 4196 802 4246 cf.
820 4195 900 4261 gloss.
916 4195 1077 4246 Salomonis:
1103 4195 1259 4244 ‘Attanuboz
1282 4209 1367 4261 genus
1387 4193 1466 4244 vasis'
1487 4200 1515 4245 et

119 4281 220 4345 Papiae
239 4282 393 4332 ‘Attanubat
418 4297 503 4348 genus
521 4272 608 4346 vasis',
633 4282 705 4332 unde
726 4283 846 4348 pendent
865 4282 970 4348 glossae
989 4283 1085 4332 Isidori
1105 4299 1129 4348 p.
1146 4284 1196 4332 669
1213 4287 1241 4332 et
1257 4284 1307 4330 670
1331 4283 1373 4332 ed.
1385 4281 1512 4332 Vulcan:

118 4367 292 4419 ‘Atanulumr
310 4385 395 4434 genus
412 4371 499 4433 vasis’,
517 4375 544 4420 et
556 4370 710 4420 ‘Attanabo:
737 4385 823 4436 genus
835 4371 922 4434 vasis',
940 4377 967 4420 et
979 4370 1068 4436 glossa
1080 4370 1152 4434 apud
1163 4369 1265 4419 Maium
1278 4368 1361 4420 Class.
1373 4374 1455 4419 auctt.
1466 4370 1513 4433 VI,

119 4471 143 4520 p.
158 4457 221 4505 509:
235 4456 402 4507 ‘Atanulu'mt
415 4472 500 4523 genus
512 4459 598 4508 vasis'.
623 4459 717 4508 harum
728 4458 878 4524 glossarum
891 4459 976 4509 forma
988 4460 1107 4524 genuina
1119 4457 1286 4509 ‘abanulum'
1304 4464 1393 4507 utrum
1406 4459 1511 4508 ePauli

118 4543 304 4593 ‘attanuvium'
325 4550 383 4597 orta
400 4544 446 4610 (cf.
460 4547 558 4596 Loewe
570 4546 660 4596 Prodr.
671 4563 696 4611 p.
707 4547 769 4611 234)
787 4561 822 4596 an
840 4563 873 4596 ex
889 4547 942 4596 alio
959 4546 1041 4608 fonte,
1059 4548 1105 4610 qui
1122 4550 1195 4596 certe
1211 4561 1265 4595 non
1281 4544 1349 4595 liber
1362 4546 1510 4611 glossarum

117 4628 176 4692 fuit,
189 4637 294 4698 sumpta
305 4633 347 4696 sit,
360 4633 476 4682 dubitari
488 4639 583 4698 potest.
