3225 5092
71 240 133 306 182

68 431 171 497 Thuc.
184 431 233 496 VI
249 431 300 514 64,
320 433 347 515 1,
362 431 448 498 Xen.
461 431 526 501 An.
538 432 587 497 VI
603 432 632 513 6,
652 431 701 516 15,
722 441 778 496 aut
798 455 838 497 ea
860 433 1016 498 enuntiati
1036 455 1122 519 pars,
1144 436 1235 498 cuius
1254 437 1289 500 in
1307 435 1396 500 initio
1418 436 1462 498 οὖν

66 536 198 622 legitur,
223 538 331 601 exeis
352 537 525 622 colligitur,
548 558 632 623 quae
653 546 727 600 ante
748 537 968 622 parenthesim
988 542 1093 623 posita
1114 548 1202 621 sunt,
1227 539 1313 625 quod
1333 550 1462 625 praeter

67 642 175 707 locum
189 640 281 706 illum
297 641 494 726 singularem
509 640 612 706 Thuc.
626 641 677 704 111
692 641 743 724 95,
763 641 815 728 1¹)
831 663 896 706 non
912 642 1093 708 observavi.

171 744 236 811 Sed
259 745 323 811 tale
347 747 391 809 οὖν
414 749 512 812 etiam
531 747 725 829 invenimus,
746 748 771 809 si
793 745 1022 811 interclusione
1042 768 1107 810 non
1127 749 1247 811 inserta
1264 751 1463 815 enuntiatum

67 851 295 915 secundarium
315 851 493 934 antecedit,
518 850 635 936 quibus
660 849 739 914 locis
765 850 916 915 omnibus
942 859 1072 935 praeter
1097 872 1152 916 eos
1171 852 1381 938 Hippocratis
1405 853 1461 940 (cf.

66 953 280 1020 Kuehlewein
302 978 334 1040 p.
357 955 413 1041 81)
434 964 466 1019 ct
485 954 643 1020 Herodoti
667 953 722 1041 (cf.
743 954 922 1019 Hoffmann
941 977 972 1040 p.
997 953 1061 1040 11),
1085 954 1142 1019 ubi
1165 955 1201 1018 ὧν
1224 958 1307 1020 inter
1331 980 1463 1043 praepo-

67 1062 213 1124 sitionem
228 1060 432 1146 verbumque
448 1059 637 1136 collocatum
650 1068 708 1144 est,
726 1061 884 1124 sententia
896 1060 1093 1125 antecedens
1104 1061 1206 1126 verbo
1218 1061 1360 1147 quodam
1372 1064 1464 1126 iuxta

66 1164 104 1226 ὦν
126 1166 229 1250 posito
253 1164 548 1250 comprehenditur,
573 1164 614 1228 cf.
632 1161 711 1228 Her.
728 1161 828 1227 VIHI
843 1163 885 1227 26
902 1166 961 1226 ἐπεὶ
972 1216 978 1228 .
990 1217 996 1229 .
1008 1216 1026 1250 a
1041 1169 1102 1226 τότε
1122 1164 1169 1246 ὧν,
1190 1165 1276 1230 Xen.
1289 1165 1352 1232 An.
1365 1165 1415 1228 HI
1434 1167 1461 1251 1,

66 1269 118 1354 20,
135 1278 192 1334 aut
208 1278 296 1334 certe
312 1270 355 1335 ad
370 1270 508 1334 verbum
525 1268 689 1354 quoddam
705 1271 862 1333 enuntiati
878 1269 1061 1334 secundarii
1077 1291 1280 1355 revocamur,
1298 1271 1338 1334 cf.
1351 1271 1430 1335 Her.
1447 1270 1464 1333 I

68 1373 139 1440 132.
170 1376 276 1439 rarius
292 1376 485 1439 sententiam
501 1373 543 1438 ab
560 1371 605 1435 obv
621 1374 839 1458 incipientem,
861 1377 887 1437 si
907 1375 1107 1438 enuntiatum
1129 1373 1258 1438 causale
1280 1377 1463 1458 antecessit,

66 1500 108 1541 ex
131 1477 192 1543 hoc
215 1480 286 1564 ipso
310 1478 451 1564 quodam
474 1478 569 1542 modo
591 1477 710 1542 deduci
733 1477 795 1542 hac
821 1480 1047 1543 coniunctione
1070 1478 1282 1563 significatur,
1302 1479 1343 1544 cf.
1362 1479 1461 1565 Hipp.

66 1584 176 1668 apher.
189 1583 206 1646 I
222 1583 242 1648 3
258 1584 318 1646 ἐπεὶ
335 1587 366 1646 δὲ
382 1588 431 1646 oba
442 1586 603 1666 ἀτρεμέονσι
618 1585 674 1645 oot'
685 1586 723 1645 ἔτι
740 1585 866 1646 δύνανται
879 1584 923 1645 ἐπὶ
933 1587 964 1646 τὸ
977 1585 1086 1661 βέλτιον
1104 1586 1261 1669 ἐπιδιδόναι,
1277 1585 1402 1646 λείπεται
1417 1583 1462 1647 οὖν

67 1688 110 1750 ἐπὶ
124 1691 154 1749 rb
169 1692 273 1770 χεῖρον,
289 1689 369 1753 Her.
386 1687 486 1753 VIIII
502 1687 553 1752 87.

168 1791 337 1878 Nusquam
352 1815 439 1878 vero,
460 1793 546 1878 quod
567 1791 705 1857 subinde
725 1793 758 1856 in
778 1794 1063 1876 grammaticorum
1084 1794 1320 1858 commentariis
1335 1792 1462 1877 legitur,

64 1896 224 1980 particula
238 1897 284 1959 οὖν
299 1897 332 1960 ίι1
348 1900 464 1982 agitur,
481 1905 526 1982 ut,
543 1918 626 1982 quae
639 1897 783 1982 sequitur
795 1896 919 1983 periodi
929 1919 1014 1983 pars,
1032 1919 1166 1979 cumea,
1183 1917 1266 1981 quae
1278 1898 1461 1981 antecessit,

65 2001 242 2085 colligetur,
260 2002 287 2064 si
302 2023 391 2083 ansa,
408 2009 443 2066 ut
458 2002 503 2066 ita
520 2001 638 2082 dicam,
660 2001 737 2064 data
757 2022 821 2065 non
841 2010 898 2065 est.
931 2023 1014 2086 quae
1031 2024 1104 2065 cum
1120 2004 1166 2064 ita
1181 2003 1254 2083 sint,
1271 2001 1349 2065 Her.
1367 2001 1383 2064 l
1401 2001 1463 2064 144

64 2107 117 2183 ita,
136 2114 171 2169 ut
182 2106 215 2169 in
228 2105 422 2169 editionibus
435 2114 551 2187 exstat,
564 2105 642 2168 ferri
654 2127 718 2168 non
731 2114 846 2189 potest,
861 2105 901 2169 ef.
916 2104 1079 2192 Gomperz
1090 2106 1124 2169 in
1136 2114 1199 2170 act.
1212 2105 1305 2169 acad.
1319 2105 1460 2169 Vindob.

65 2208 143 2274 CIII
158 2209 231 2287 521,
250 2209 338 2275 Stein
354 2210 388 2273 in
403 2210 552 2274 Bursiani
568 2209 674 2274 annal.
686 2208 860 2274 XXXXII
878 2209 948 2275 139.

729 2471 789 2535 III.

166 2628 332 2693 Particula
353 2629 397 2690 οὖν
419 2630 445 2692 si
465 2630 610 2713 sequitur
632 2628 783 2693 voculam
804 2632 862 2711 σὺν,
886 2628 1078 2713 plerumque
1099 2650 1231 2692 cumea
1251 2628 1404 2694 coalescit
1427 2631 1460 2692 in

63 2755 161 2798 unam
185 2754 299 2798 vocem
323 2734 518 2814 ΟΥΚΟΥΝ,
544 2755 627 2818 quae
647 2732 784 2796 adsidua
809 2734 965 2796 excitavit
985 2733 1091 2797 studia
1111 2736 1327 2818 antiquiorum
1350 2756 1459 2797 recen-

63 2840 209 2924 tiumque
235 2839 533 2922 grammaticorum,
562 2837 603 2900 de
627 2837 744 2922 quibus
767 2840 800 2900 in
825 2839 936 2923 primis
959 2839 1148 2901 nominandi
1171 2847 1246 2902 sunt
1268 2838 1460 2924 Apollonius

63 2944 124 3026 περὶ
148 2946 303 3021 συνδέσμων
327 2942 377 3006 ed.
395 2941 433 3005 R.
448 2940 627 3007 Schneider
646 2940 662 3002 Ι
683 2940 744 3005 257
767 2963 826 3026 sq,
847 2939 1053 3025 Phrynichus
1073 2943 1106 3005 in
1122 2941 1229 3006 Bekk.
1243 2943 1357 3006 anecd.
1370 2941 1387 3004 Ι
1401 2941 1458 3021 57;

62 3046 282 3112 Breitenbach
306 3045 464 3110 Zeitschr.
485 3046 506 3110 f.
527 3045 770 3110 Alterthumsw.
799 3044 878 3108 1841
907 3066 961 3130 pp.
985 3045 1180 3127 105-120,
1210 3045 1293 3110 1842
1316 3045 1459 3111 Beiblatt

62 3173 116 3236 pp.
138 3150 290 3233 57-62,
307 3150 498 3215 Baeumlein
518 3173 573 3236 pp.
593 3149 785 3226 192-197,
808 3149 965 3213 Kuehner
984 3172 1039 3235 pp.
1062 3150 1138 3232 713,
1161 3150 1457 3235 7,15-719,Xen.

63 3253 186 3318 Oomm.
197 3255 247 3318 ed.
258 3253 417 3319 Kuehner
425 3253 485 3318 HI.
496 3275 567 3318 exc.
582 3253 622 3316 de
635 3253 756 3338 duplici
766 3255 927 3338 scriptura
938 3253 1090 3318 vocabuli
1102 3259 1196 3317 abscon
1208 3277 1262 3340 pp.
1276 3254 1377 3318 513-
1385 3253 1458 3338 523,

62 3358 156 3424 Dem.
171 3359 222 3422 ed.
239 3358 375 3423 Voemel
390 3357 620 3444 prolegomena
635 3379 769 3441 gramm.
782 3361 802 3438 ἓ
818 3357 861 3421 40
876 3379 908 3441 p.
920 3357 962 3420 49
979 3380 1025 3443 sq.

744 3532 770 3595 1.

165 3652 232 3719 Ubi
248 3656 346 3738 igitur
361 3651 406 3717 οὖν
423 3656 569 3738 sequitur
585 3653 777 3739 particulam
793 3656 852 3736 oba,
869 3653 964 3738 longe
981 3656 1168 3739 saepissime
1180 3662 1353 3741 utrumque
1366 3678 1459 3720 voca-

63 3759 177 3824 bulum
193 3780 250 3844 per
267 3781 300 3822 se
317 3758 405 3822 valet
420 3769 452 3823 et
464 3758 508 3820 οὖν
521 3759 743 3824 conclusivam
756 3757 1026 3842 significationem
1041 3758 1150 3841 habet,
1167 3762 1212 3824 ita
1226 3768 1262 3824 ut
1273 3759 1352 3823 nihil
1365 3762 1459 3823 inter-

61 3884 132 3927 esse
152 3863 316 3944 videatur,
337 3872 445 3928 utrum
468 3867 524 3925 oua
548 3863 602 3925 οὖν
622 3862 760 3948 scribas,
778 3864 864 3947 quod
880 3862 1014 3928 Classen
1030 3864 1178 3928 omnibus
1199 3863 1279 3928 locis
1295 3864 1458 3949 Thucydi-

61 3969 130 4032 deis
142 3969 276 4053 recepit,
292 3990 334 4032 an
350 3969 476 4052 οὔκουν,
494 3967 579 4054 quod
593 3967 684 4032 Stahl
699 3967 862 4052 praetulit.
890 3967 1004 4032 eadem
1015 3968 1247 4053 particularum
1258 3969 1308 4032 vis
1323 3967 1460 4053 adparet

60 4077 93 4138 in
108 4074 268 4157 negativis
284 4072 590 4156 interrogationibus
606 4072 784 4158 rhetoricis,
806 4073 924 4160 quibus
942 4075 1100 4138 sententia
1116 4073 1322 4138 adfirmative
1337 4072 1457 4136 subest.
1571 4055 1575 4060 ⁸

60 4179 137 4243 talia
152 4179 320 4242 enuntiata
336 4179 412 4263 quia
426 4179 460 4242 in
476 4199 575 4242 causa
590 4178 689 4242 fuisse
704 4179 789 4242 inter
804 4199 915 4243 omnes
931 4181 996 4243 iam
1012 4186 1147 4261 constat,
1164 4199 1222 4243 cur
1238 4182 1332 4240 οὒκοῡν
1348 4186 1459 4263 postea

165 4442 183 4508 ¹)
202 4441 242 4492 cf.
255 4441 339 4493 schol.
349 4443 384 4494 ad
395 4443 421 4493 h.
432 4443 464 4493 l.:
478 4440 490 4492 ὁ
503 4435 544 4492 οὖν
558 4440 691 4509 σύνδεσμος
705 4439 725 4491 εἰ
738 4440 777 4491 καὶ
789 4440 899 4510 περιττὸς
913 4444 949 4510 τῷ
959 4440 1085 4509 Ἀντύλλῳ
1098 4441 1171 4503 δοκεῖ,
1185 4437 1234 4508 ἐγὼ
1246 4437 1306 4489 πάνυ
1320 4435 1458 4506 ἀναγκαίως

57 4527 123 4597 λέγω
136 4527 293 4596 προσκεῖσθαι
308 4526 389 4579 αὐτόν·
403 4527 446 4594 τὴν
459 4526 549 4598 βουλὴν
561 4531 608 4597 γὰρ
622 4525 695 4580 εἰπὼν
708 4526 812 4597 ἐπήγαγε
824 4527 867 4593 τὴν
880 4525 972 4597 πρᾶξιν,
991 4526 1025 4587 ὡς
1039 4526 1065 4576 ἂν
1079 4526 1098 4577 εἰ
1111 4525 1205 4595 ἔλεγεν·
1219 4524 1304 4576 οὐκοῦν
1318 4522 1456 4592 ἐνθυμηθεὶς

59 4614 180 4684 ἔπραττεν,
193 4611 251 4684 ὅπερ
265 4613 404 4684 ἐνεθυμήθη.
