3225 5092
114 225 176 290 192

214 415 282 481 Alii
301 415 363 480 loci
383 417 428 479 ita
450 423 524 479 sunt
545 415 735 499 comparati,
756 422 791 478 ut
811 415 897 475 τοίνυν
918 415 1002 478 sicut
1022 415 1067 476 οὖν
1087 422 1235 500 ponatur,
1255 412 1313 478 ubi
1333 414 1507 501 explicatio

112 521 296 602 instituitur,
318 519 359 583 of.
373 518 471 604 Gorg.
484 517 554 582 Pal.
569 517 586 579 ‘l
603 525 680 580 τοῦτο
695 519 734 598 τῷ
749 518 829 599 λόγῳ
845 519 956 580 δυνατθν
976 522 1113 597 γενέσθω·
1128 519 1176 580 καὶ
1192 520 1225 598 δὴ
1240 521 1325 581 τοίνυν
1342 522 1445 597 σύνειμι
1459 518 1506 580 καὶ

109 628 214 688 σύνεστι
234 628 362 699 κάκεῖνος
383 623 445 701 ἐμοὶ
464 625 582 705 κάκείνῳ
604 625 670 705 ἐγώ,
692 622 856 702 01111811
874 643 932 707 pro
954 623 1001 683 καὶ
1021 623 1054 700 δὴ
1074 625 1159 684 τοίνυν
1180 622 1279 687 s'cribi
1294 623 1405 688 malim
1419 624 1507 686 καίτοι

110 736 154 791 νῦν
174 731 208 808 δή
229 729 424 814 transposita
444 726 604 812 particula
624 728 674 808 δή,
694 725 797 791 Thuc.
815 725 847 793 V
863 725 915 809 89,
930 725 1018 792 And.
1032 726 1084 791 III
1099 727 1129 810 3,
1144 726 1243 792 Isocr.
1256 727 1325 792 ΠΠ
1339 726 1391 811 28,
1407 727 1439 792 V
1455 726 1506 792 99.

213 833 342 898 Deinde
363 835 448 894 τοίνυν
467 832 596 916 legitur,
617 853 691 896 cum
711 853 759 916 ea,
780 853 864 916 quae
885 841 982 896 antea
1001 833 1035 896 in
1054 834 1242 896 universnm
1261 832 1348 897 diota
1364 841 1448 915 sunt,
1464 831 1506 896 ad

110 960 182 1002 eam
196 941 302 1024 ipsam
313 959 393 1022 rem,
410 937 450 1000 de
463 956 528 1021 qua
544 945 592 999 est
604 956 719 1018 sermo,
735 934 941 1018 adhibentur,
958 936 999 1000 cf.
1014 957 1097 1022 quae
1109 935 1279 1002 Rehdantz
1291 959 1323 1022 p.
1336 935 1399 1000 288
1412 936 1506 1000 dicit:

109 1064 151 1106 wo
175 1065 232 1106 von
256 1043 339 1106 einer
360 1042 567 1127 Betacptnnp
590 1040 641 1104 die
663 1039 943 1125 Nutzauweoduoq
967 1041 1032 1125 anf
1047 1040 1106 1104 dea
1128 1040 1344 1126 vorlieqendea
1363 1041 1439 1105 Fnll
1459 1064 1506 1127 qe·

108 1148 210 1211 νηαοίιί
225 1147 311 1211 wird.
337 1147 428 1210 onius
444 1168 520 1209 usus
535 1145 717 1209 testimonia
731 1147 765 1208 in
780 1145 907 1229 scriptis
923 1144 1157 1232 antiquioribus
1172 1167 1237 1210 non
1252 1147 1363 1211 inveni
1378 1155 1506 1232 praeter

109 1273 157 1337 ea,
171 1273 253 1337 quae
267 1250 446 1335 Wetaellp.
460 1249 502 1313 32
514 1248 643 1314 adtulit:
657 1249 733 1314 Ant.
746 1248 822 1327 nlo
835 1249 865 1334 7,
876 1248 926 1314 VI
937 1249 990 1335 26,
1003 1250 1055 1333 31,
1067 1249 1099 1314 V
1111 1249 1162 1315 83.
1188 1250 1246 1315 sed
1262 1273 1304 1315 ne
1319 1273 1359 1315 ea
1374 1251 1506 1337 quidem

108 1357 214 1420 omnia
225 1357 294 1419 iure
306 1355 371 1418 huc
383 1354 581 1436 referuntur,
597 1353 713 1418 namV
725 1352 766 1418 83
778 1362 812 1416 et
823 1353 871 1418 VI
884 1353 926 1417 26
938 1354 1164 1419 antecedentia
1176 1358 1366 1441 pronomine
1377 1355 1506 1421 demon-

109 1461 242 1524 strativo
255 1457 582 1544 comprehenduntur,
595 1456 644 1521 VI
656 1458 696 1521 31
711 1458 874 1522 conclusio
887 1459 1047 1543 particula
1058 1460 1144 1521 τοίνυν
1157 1460 1366 1543 significatur.
1386 1461 1506 1524 maiore

109 1565 257 1628 existimo
277 1565 347 1629 iure
367 1563 420 1627 hic
440 1564 597 1628 nominari
617 1585 711 1649 posse
727 1561 785 1627 hos
801 1562 903 1627 locos:
921 1561 1369 1650 [And.]1u135‚40,1s00r.
1386 1563 1437 1629 ΠΙ
1455 1563 1504 1646 15,

108 1666 227 1732 Aesoh.
243 1668 277 1732 Π
295 1667 365 1732 121.

210 1771 325 1859 Neque
344 1773 583 1858 neglegendum
605 1782 654 1836 est
672 1793 915 1857 nonnumquam
935 1795 956 1836 a
975 1772 1188 1863 scriptoribus
1208 1773 1322 1836 aetatis
1344 1771 1505 1836 inferioris

107 1879 357 1963 propositionem
376 1877 544 1956 minorem,
567 1897 664 1962 quam
685 1877 806 1954 dicunt,
829 1878 943 1940 maiori
960 1879 1185 1941 coniunctione
1200 1880 1286 1939 τοίνυν
1302 1877 1445 1961 adiungi,
1463 1876 1504 1940 cf.

108 1980 271 2065 Gebauer,
293 1982 333 2048 de
353 1983 535 2066 argumenti
556 2003 598 2044 ex
619 1983 777 2046 contrario
799 1982 909 2046 formis
925 2004 956 2067 p.
969 1980 1100 2066 XXIII,
1118 1980 1276 2061 Ebhardt,
1299 1980 1351 2044 die
1375 1981 1506 2067 spraeh-

106 2086 213 2150 lichen
230 2088 381 2165 Formen,
397 2087 455 2150 mit
470 2085 617 2150 welchen
632 2084 685 2149 die
702 2084 837 2150 Glieder
856 2084 913 2149 des
930 2085 1099 2151 Schlusses
1121 2087 1165 2150 im
1182 2084 1417 2151 Griechischen
1437 2086 1505 2150 und

107 2190 335 2255 Lateinischen
353 2189 538 2274 eingefithrt
553 2188 696 2272 werden,
713 2213 743 2275 p.
761 2189 791 2254 9.

211 2295 417 2382 Quamquam
428 2297 527 2379 igitur
540 2297 616 2359 satis
628 2317 726 2380 saepe
738 2297 824 2358 τοίνυν
840 2318 915 2360 cum
927 2293 1069 2380 quadam
1081 2295 1232 2360 libertate
1244 2304 1434 2382 usurpatum
1446 2304 1504 2379 est,

106 2410 215 2465 tamen
227 2411 315 2465 recte
328 2399 499 2465 Rehdantz
511 2422 542 2485 p.
554 2398 616 2462 288
628 2399 710 2464 haec
723 2402 847 2466 statuit:
866 2401 911 2464 Ζιι
924 2401 1006 2464 οἰκον
1016 2423 1096 2487 ponz
1108 2398 1318 2463 &mantichora
1330 2399 1505 2486 Aaquunq

105 2505 190 2568 θαιιιι
205 2507 282 2568 nuel
298 2505 355 2568 das
371 2504 583 2568 metabattsclte
599 2506 685 2567 τοίνυν
700 2507 782 2569 nicht
797 2507 916 2569 dunen.
951 2505 1161 2570 inveniuntur
1181 2504 1313 2589 quidem
1332 2505 1395 2569 looi
1414 2502 1503 2589 apud

107 2608 366 2694 Xenophontem,
389 2611 444 2694 qui
464 2608 507 2672 ad
526 2608 615 2674 illum
635 2608 813 2695 particulae
832 2611 919 2672 τοίνυν
939 2632 1043 2692 usum,
1065 2631 1162 2694 quem
1181 2611 1317 2695 reperiri
1333 2608 1505 2674 Rehdantz

106 2715 247 2798 negavit,
261 2723 347 2778 certe
361 2715 492 2800 propius
504 2714 676 2796 accedunt,
690 2714 779 2777 velut
790 2713 875 2778 Hell.
891 2713 956 2778 VII
971 2714 1001 2798 4,
1014 2714 1034 2777 3
1047 2716 1130 2775 ὄντων
1143 2716 1196 2796 γὰρ
1210 2715 1386 2791 παμπόλλων
1401 2715 1506 2774 πλοίων

106 2817 293 2896 ἐκλεξάμενος
311 2821 425 2896 τούτων,
447 2823 461 2879 ὃ
485 2821 629 2904 ἐβούλετο,
650 2820 697 2881 καί
717 2823 879 2897 συνθέμενος
898 2822 984 2881 τοίνυν
1005 2821 1181 2901 ἀποβιβάσαι,
1203 2824 1263 2881 ὅποι
1284 2822 1364 2893 αύτος
1383 2820 1504 2899 κελεύοι,

105 2925 198 2984 είλετο
214 2945 293 3009 eqs,
309 2923 410 3009 Hipp.
422 2923 490 2988 VII
505 2923 535 2987 6.

792 3096 822 3161 5.

209 3209 475 3285 Coniunctionem
499 3218 544 3280 οὖν
567 3239 632 3282 non
654 3239 727 3283 raro
753 3216 891 3283 mediis
914 3219 951 3281 in
975 3218 1186 3283 enuntiatis
1209 3221 1256 3283 ita
1274 3222 1411 3304 positam
1434 3242 1505 3284 esse

107 3345 205 3410 supra
225 3325 377 3408 vidimus,
397 3333 517 3388 utnon
537 3330 604 3386 tota
624 3322 800 3408 enuntiata,
823 3322 881 3386 sed
902 3322 1047 3387 eiusdem
1068 3323 1194 3408 periodi
1213 3332 1322 3409 partes
1345 3334 1458 3390 conect
1480 3332 1503 3390 t.

106 3439 218 3494 contra
234 3431 417 3494 coniunctio
432 3431 516 3490 τοίνυν
533 3427 588 3491 tali
603 3427 701 3491 modo
717 3429 879 3493 rarissime
893 3428 1066 3493 invenitur.
1092 3427 1155 3491 duo
1171 3430 1258 3493 enim
1273 3437 1398 3494 tantum
1413 3429 1504 3494 inda-

104 3536 181 3618 gavi
202 3536 270 3598 eius
290 3557 367 3599 usus
388 3531 553 3618 exempla:
570 3531 656 3595 And.
674 3531 725 3595 ’ΠΙ
741 3532 783 3596 30
798 3536 971 3614 Συρακούσιοι
992 3535 1017 3594 δ’
1033 3536 1078 3594 ὅτε
1098 3533 1185 3612 ἦλθον
1205 3537 1284 3610 ἡμῶν
1307 3536 1434 3612 δεόμενοι
1447 3585 1453 3599 .
1464 3582 1471 3596 .
1483 3582 1503 3615 .,

104 3643 185 3717 ἡμεῖς
200 3642 285 3701 τοίνυν
303 3641 435 3715 εἱλόμεθα
447 3639 493 3698 καὶ
507 3641 568 3698 τότε
579 3637 703 3714 πόλεμον
715 3659 795 3702 voce
811 3643 871 3700 τότε
883 3647 985 3703 totum
997 3639 1199 3702 enuntiatum
1210 3638 1399 3723 temporale,
1416 3639 1504 3723 quod

104 3746 287 3828 antecessit,
303 3741 396 3807 nobis
412 3743 445 3804 in
461 3743 650 3806 memoriam
665 3750 851 3824 revocatm·;
869 3742 1028 3807 Isocrates
1044 3742 1111 3806 IIII
1126 3742 1178 3827 44,
1195 3764 1278 3826 quae
1294 3743 1502 3825 antecedunt,

105 3849 328 3933 complectitur
343 3847 451 3912 verbis
466 3851 598 3908 τοσούτων
613 3848 700 3908 τοίνυν
716 3849 878 3929 ἀγαθῶν...
891 3852 956 3925 ἡμῖν
971 3852 1152 3928 γιγνομένων.

780 4126 822 4190 ll.

207 4283 268 4347 His
284 4285 438 4370 expositis
454 4285 528 4366 iam,
546 4304 629 4367 quae
645 4283 686 4347 sit
701 4283 934 4370 particularum
949 4284 994 4346 ούν
1011 4291 1042 4347 et
1057 4287 1141 4346 τοίνυν
1161 4286 1405 4370 inscriptorum
1419 4284 1504 4349 Atti-

104 4410 216 4453 corum
231 4387 321 4453 libris
337 4388 568 4475 frequentia,
584 4387 816 4474 inquirendum
830 4388 909 4452 mihi
925 4409 995 4451 esse
1008 4387 1144 4452 videtur.
1172 4391 1277 4474 primo
1290 4391 1388 4474 igitur
1401 4391 1503 4475 scrip-

103 4501 188 4557 tores
209 4492 370 4578 particula
393 4494 438 4554 ούν
458 4493 661 4578 saepissime,
683 4491 800 4557 vocula
819 4495 904 4555 τοίνυν
925 4494 1089 4558 rarissime
1112 4496 1162 4559 usi
1185 4503 1269 4561 sunt.
1300 4506 1388 4560 certe
1410 4495 1502 4582 apud

104 4598 305 4662 Herodotum
329 4619 403 4661 cum
427 4599 471 4659 οὖν
495 4600 526 4661 in
550 4621 661 4662 aarum
682 4600 945 4692 coniunctionum
965 4622 1098 4664 numero
1119 4602 1168 4686 sit,
1190 4623 1273 4688 quae
1290 4602 1367 4666 satis
1383 4600 1502 4666 crebro
