3225 5092
159 413 277 476 obiecti
287 411 403 474 interni
415 408 595 492 designant.
621 407 713 470 cuius
728 406 847 470 obiecti
865 405 948 469 duae
960 407 1163 491 potissimum
1174 407 1297 472 formae
1313 419 1398 492 sunt,
1415 431 1550 494 quarum

159 519 193 580 in
218 517 324 601 priore
351 514 529 578 accusativi
555 511 661 575 locum
690 510 927 574 substantivum
952 510 1097 574 eiusdem
1121 513 1243 596 stirpis,
1268 534 1350 596 quae
1376 523 1424 576 est
1449 515 1550 595 verbi,

161 620 293 702 obtinet,
314 621 347 681 in
362 617 464 684 altera
485 615 724 681 substantivum
744 622 901 698 cognatae
921 616 1069 679 notionis.
1101 625 1231 700 praeter
1252 616 1309 680 has
1330 627 1439 681 autern
1455 621 1551 681 etiam

159 726 288 789 tertiam
312 723 373 787 hoc
393 723 427 784 in
447 741 564 804 genere
584 741 704 805 ponere
725 717 801 783 lieet
819 718 966 800 formam,
988 740 1071 804 quae
1090 720 1136 782 ita
1156 729 1206 784 est
1226 731 1421 807 comparata,
1441 732 1477 786 ut
1499 722 1551 784 ob-

158 833 293 909 iectum,
321 827 445 890 etiamsi
472 847 535 889 non
559 834 607 888 est
634 822 873 888 substantivum
896 822 1041 887 eiusdem
1064 825 1172 908 stirpis
1194 833 1252 888 aut
1274 836 1430 909 cognatae
1458 828 1551 909 signi·

159 933 330 1014 ficationis,
352 929 516 995 adtributo
536 937 644 994 tamen
664 927 861 992 substantivi
881 930 949 991 eius
969 928 1056 993 modi
1077 929 1286 994 contineatur.
1318 953 1357 993 ac
1377 929 1461 994 duae
1481 930 1552 995 illae

159 1041 283 1126 priores
305 1037 399 1101 huius
420 1043 600 1098 structurae
622 1032 744 1097 formae
764 1042 820 1095 aut
843 1041 931 1095 certe
955 1034 1060 1117 prima
1082 1032 1124 1095 ad
1148 1055 1219 1096 eam
1243 1035 1384 1119 pertinet
1404 1035 1552 1119 figuram,

160 1165 242 1229 quae
264 1150 401 1205 vocatur
419 1136 672 1224 etymologica.¹)
702 1134 765 1200 hac
785 1145 893 1200 autem
914 1135 1019 1219 figura
1033 1136 1176 1200 Iustinus
1196 1159 1261 1202 non
1280 1147 1347 1202 tam
1368 1138 1552 1224 frequenter

161 1269 251 1311 suam
267 1247 437 1309 exornavit
458 1242 641 1323 dictionem,
663 1263 759 1325 quam
774 1240 934 1324 Apuleius
952 1241 1160 1325 nonnullique
1180 1241 1235 1305 alii
1255 1244 1437 1328 scriptores,
1458 1247 1553 1309 immo

161 1374 232 1415 earn
253 1352 335 1413 sicut
356 1347 522 1413 Cornelius
538 1346 647 1432 Nepos
663 1345 805 1409 Velleius
822 1343 1012 1409 Paterculus
1028 1344 1160 1408 Tacitus
1180 1348 1382 1431 paucissimis
1401 1349 1481 1412 locis
1501 1350 1553 1414 ad-

160 1457 254 1518 misit.
286 1453 363 1537 quid
380 1451 465 1537 quod
481 1451 659 1516 accusativi
667 1449 693 1534 ²)
708 1449 914 1534 etymologici
929 1449 949 1512 i.
963 1470 990 1511 e.
1005 1448 1097 1512 verbi
1114 1471 1187 1512 cum
1202 1454 1388 1515 accusativo
1409 1453 1553 1518 substan-

160 1562 219 1623 tivi
242 1557 385 1622 eiusdem
410 1555 518 1640 stirpis
542 1553 719 1634 coniuncti,
747 1575 847 1616 unum
869 1562 1008 1632 tanturn,
1033 1554 1059 1614 si
1082 1562 1171 1616 recte
1194 1554 1381 1637 observavi,
1405 1558 1439 1619 in
1461 1557 1554 1621 huius

161 1665 325 1749 scriptoris
340 1660 430 1724 libris
442 1659 601 1745 reperitur
613 1655 809 1741 exemplum,
826 1666 922 1740 atque
938 1656 981 1731 id,
998 1655 1085 1741 quod
1100 1678 1142 1720 ne
1156 1681 1176 1722 a
1188 1657 1344 1723 Cicerone
1361 1659 1492 1743 quidem
1508 1672 1555 1726 est

161 1769 313 1850 alienum,
331 1766 402 1829 dico
420 1763 556 1828 ‘facinus
572 1761 701 1825 facere':
720 1760 770 1843 39,
781 1761 839 1842 3,7
854 1765 904 1824 ‘ne
921 1770 986 1825 tarn
1000 1760 1130 1824 foedum
1143 1760 1269 1825 facinus
1280 1763 1389 1827 facere
1401 1767 1553 1848 cogatur’,

161 1894 223 1957 quo
235 1871 303 1935 loco
315 1869 358 1934 ad
371 1866 569 1931 adtributum
581 1886 706 1950 quoque
719 1862 919 1927 substantivo
931 1863 1118 1928 adiunctum
1127 1865 1223 1928 velim
1236 1868 1381 1932 animum
1396 1870 1553 1934 intendas.

160 1998 266 2061 neque
283 1996 361 2038 vero
377 1972 496 2057 ubique
512 1971 654 2034 Iustinus
670 1969 907 2032 substantivum
925 1968 1070 2032 ‘facinus'
1088 1992 1162 2032 cum
1177 1970 1278 2035 verbo
1295 1972 1439 2037 eiusdem
1455 1975 1554 2057 etymi

161 2079 369 2155 consociavit,
383 2077 440 2140 sed
453 2076 523 2139 aliis
535 2075 624 2158 loeis,
640 2074 730 2136 velut
747 2071 796 2154 12,
810 2073 840 2153 6,
853 2071 872 2133 8
886 2074 1139 2159 ‘peregissetque
1152 2073 1298 2159 facinus’,
1315 2076 1451 2140 verbum
1464 2101 1555 2163 syno-

161 2206 295 2270 nymum
316 2180 488 2244 substituit.
524 2178 606 2260 alter
626 2177 724 2258 locus,
744 2174 801 2240 ubi
822 2175 924 2240 verbo
944 2177 1131 2241 adiunctum
1151 2177 1299 2242 videmus
1319 2178 1554 2244 substantivum

161 2288 305 2352 eiusdem
321 2285 548 2368 originationis,
572 2281 665 2364 11,5‚
680 2280 720 2343 10
736 2278 889 2344 ‘iaculum
904 2281 994 2346 velut
1014 2283 1047 2345 in
1067 2281 1214 2346 hostilem
1235 2292 1354 2346 terram
1374 2285 1472 2366 iecit',
1492 2286 1554 2348 huc

161 2393 275 2457 referri
290 2412 354 2454 non
370 2397 484 2475 potest,
506 2389 580 2471 quia
600 2385 762 2450 obiectum
784 2407 848 2448 non
864 2385 1047 2470 explicante
1063 2409 1097 2448 se
1114 2386 1244 2450 demum
1260 2389 1387 2452 actione
1401 2391 1553 2472 nascitur,

163 2497 219 2560 sed
235 2498 300 2559 iam
316 2505 390 2558 ante
406 2493 540 2557 actionis
556 2492 681 2555 initium
698 2489 858 2554 exstabat.

266 2600 336 2663 Iam
361 2607 519 2682 quatenus
541 2595 676 2659 alteram
699 2593 818 2658 obiecti
842 2595 958 2657 interni
980 2595 1116 2657 formam
1140 2593 1325 2659 adhibuerit
1346 2597 1502 2681 Iustinus,
1531 2600 1556 2660 si

153 2706 301 2800 ,quaeris
318 2703 381 2766 duo
397 2704 428 2765 in
445 2700 586 2764 medium
598 2698 728 2783 profero
740 2697 892 2782 exempla
904 2718 1006 2783 eaque
1018 2698 1124 2761 minus
1136 2699 1242 2762 solita:
1259 2698 1311 2782 26,
1323 2700 1354 2777 2,
1366 2700 1387 2764 2
1403 2703 1557 2786 ‘auspicia

162 2809 240 2872 belli
257 2831 276 2872 a
292 2805 464 2891 parricidio
483 2801 683 2888 incipientes’
704 2811 737 2865 et
756 2801 809 2884 27,
829 2802 857 2882 l,
877 2803 893 2863 1
916 2801 1070 2885 ‘auspicia
1089 2804 1181 2885 regni
1200 2825 1220 2867 a
1240 2804 1412 2887 parricidio
1432 2807 1557 2890 coepit’.

164 2935 237 2976 nam
257 2911 307 2974 his
328 2909 454 2974 duobus
474 2907 552 2971 locis
572 2929 637 2970 vox
658 2905 857 2991 ‘auspicium'
879 2906 975 2990 plane
997 2906 1084 2970 idem
1109 2906 1270 2990 significat
1292 2908 1378 2992 quod
1402 2911 1556 2990 ‘initium',

165 3018 260 3080 sicuti
272 3013 410 3079 verbum
427 3013 607 3098 ‘auspicari'
624 3011 710 3075 idem
727 3032 797 3074 esse
815 3033 912 3096 supra
927 3014 973 3096 (p.
988 3010 1043 3096 76)
1059 3013 1268 3096 cognovimus
1283 3013 1368 3098 quod
1385 3015 1557 3101 ‘incipere’.

163 3120 259 3206 paulo
279 3119 381 3182 maior
401 3116 623 3201 exemplorum
643 3117 737 3201 copia
756 3114 840 3178 illius
860 3117 1038 3179 accusativi
1054 3115 1196 3179 verbalis
1211 3117 1332 3181 formae
1353 3118 1387 3181 in
1406 3130 1557 3204 promptu

164 3235 222 3308 est,
245 3243 341 3307 quam
363 3223 456 3285 tertio
471 3219 542 3284 loco
558 3221 722 3305 posuimus
743 3240 880 3303 eamque
900 3220 938 3281 iis
953 3219 1031 3283 locis
1051 3220 1157 3284 inesse
1178 3220 1319 3284 diximus
1340 3225 1555 3309 conspicuam,

166 3327 285 3413 quibus
300 3327 505 3392 accusativus
525 3323 663 3387 efficitur
684 3322 896 3401 substantivo,
918 3345 982 3408 quo
1002 3326 1139 3388 notionis
1160 3324 1379 3389 substantialis
1395 3326 1494 3391 verbo
1514 3329 1557 3389 in·

164 3433 326 3497 haerentis
338 3435 518 3495 continetur
530 3428 738 3493 adtributum.
762 3429 826 3492 huc
838 3431 937 3512 igitur
949 3438 1075 3514 spectat
1092 3429 1120 3512 l,
1133 3428 1162 3506 8,
1178 3429 1218 3492 13
1234 3433 1327 3494 ‘satia
1341 3441 1373 3494 te
1390 3431 1554 3514 sanguine,

164 3539 277 3622 inquit,
299 3558 393 3621 quem
410 3535 524 3614 sitisti',
546 3555 609 3618 qua
624 3533 784 3597 locutione
799 3532 914 3597 Cicero
931 3554 1058 3618 quoque
1078 3556 1157 3597 usus
1176 3544 1226 3596 est
1241 3533 1321 3598 Phil.
1334 3533 1365 3617 5,
1380 3535 1409 3616 7,
1421 3535 1464 3598 20
1479 3538 1557 3598 ‘san-

165 3645 294 3726 guinem
316 3648 459 3704 nostrum
482 3638 630 3703 sitiebat’.
662 3638 703 3702 ab
725 3640 918 3722 optimorum
937 3648 1045 3702 autem
1066 3641 1257 3723 scriptorum
1278 3638 1408 3703 dicendi
1429 3661 1558 3703 consue·

165 3745 277 3810 tudine
293 3744 387 3827 longe
407 3744 500 3807 abest
520 3743 725 3806 accusativus
742 3764 761 3805 a
776 3740 878 3805 verbo
895 3740 1030 3806 ‘sudare'
1048 3742 1203 3826 pendens,
1225 3745 1280 3828 qui
1299 3741 1417 3826 legitur
1433 3743 1483 3825 36,
1495 3741 1557 3822 3,5

166 3851 236 3914 ‘hae
253 3859 340 3912 certo
356 3849 431 3912 anni
447 3857 592 3932 tempore
608 3845 788 3910 balsamum
805 3847 944 3910 sudant'.
975 3845 1036 3910 hoc
1055 3849 1140 3909 enim
1157 3846 1294 3911 verbum
1309 3847 1398 3933 apud
1413 3847 1558 3912 meliores

166 3955 348 4038 scriptores,
365 3953 391 4015 si
408 3972 502 4014 casus
518 3950 713 4033 adiungitur,
730 3950 909 4014 ablativum
920 3949 1082 4014 adsciscit.
1107 3953 1312 4015 accusativus
1323 3966 1402 4015 vero
1418 3952 1461 4015 ab
1476 3961 1557 4015 aeta-

165 4061 206 4122 tis
226 4058 357 4121 demum
373 4055 560 4139 Augusteae
580 4057 683 4139 poetis
704 4055 760 4140 (ol.
774 4055 873 4138 Verg.
891 4054 971 4118 Buc.
990 4054 1020 4134 4,
1034 4054 1085 4136 30,
1107 4053 1204 4119 Ovid.
1218 4055 1295 4120 Met.
1310 4055 1359 4141 10,
1373 4056 1452 4142 308)
1471 4076 1558 4118 usur·

165 4171 275 4248 patur,
294 4160 382 4225 unde
403 4161 436 4223 in
456 4181 584 4246 prosam
604 4161 780 4223 orationem
801 4160 987 4244 posterioris
1006 4161 1121 4223 aetatis
1141 4161 1350 4243 immigravit,
1371 4162 1471 4225 veluti
1486 4158 1557 4222 Val.

168 4327 374 4342 ——2—4—

272 4426 293 4490 1)
306 4425 513 4475 Subtilissimam
526 4429 553 4473 et
565 4425 680 4473 maxims
696 4423 730 4473 ad
743 4423 891 4473 docendum
904 4424 1029 4473 idoneam
1041 4424 1074 4473 de
1087 4423 1138 4472 hac
1150 4423 1237 4488 figura
1248 4425 1365 4474 instituit
1377 4424 1559 4489 quaestionem

167 4511 198 4561 0.
212 4511 387 4576 Landgrafius
399 4512 457 4562 Act.
467 4525 531 4561 sem.
542 4510 607 4576 phil.
618 4509 727 4575 Erlang.
738 4509 773 4573 11,
782 4527 809 4575 p.
821 4515 833 4559 1
847 4527 885 4575 sq.

271 4598 293 4662 ²)
305 4599 347 4648 De
359 4599 477 4648 ablativo
491 4599 669 4663 etymologico
682 4598 753 4648 infra
764 4597 951 4663 disputabitur.
