3225 5092
1453 253 1513 317 191

119 437 237 523 quibus
256 437 335 502 locis
356 438 506 504 omnibus
525 461 595 504 rem
615 461 734 505 novam
753 439 878 505 orditur
897 427 1043 528 scriptor,
1063 441 1098 506 id
1117 442 1203 527 quod
1223 442 1358 527 singulis
1376 443 1455 508 locis
1470 445 1516 509 in-

118 544 236 628 spectis
257 542 523 608 demonstremus.
557 544 597 608 de
613 542 692 608 Ath.
705 565 773 629 rep.
787 544 838 608 HI
854 545 876 608 4
892 554 925 608 et
940 544 961 609 5
976 555 1148 631 postquam
1166 569 1219 610 res
1237 547 1327 633 ipsae
1348 551 1514 633 expositae

15 649 16 654 ’
118 656 202 731 sunt,
217 646 261 712 ad
275 644 431 741 iudicium
447 649 487 713 de
503 650 549 714 eis
564 648 839 734 pronuntiandum
854 651 1023 731 transitur3
1044 649 1131 715 And.
1144 649 1161 713 I
1176 649 1227 729 90,
1247 651 1318 734 117,
1337 651 1398 728 128
1413 674 1515 717 novas

117 753 269 818 orationis
284 762 393 840 partes
409 755 532 818 institui
547 755 613 819 iam
627 753 752 818 Linder
767 753 863 835 vidit,
880 756 1065 819 accuratius
1080 777 1158 820 vero
1173 759 1193 836 ξ
1208 755 1248 819 21
1268 779 1342 820 cum
1357 757 1513 843 proximis

118 857 313 923 sectionibus
335 857 591 923 considerandae
611 868 695 939 sunt,
718 881 815 945 quem
833 857 941 924 locum
960 868 1063 924 toturn
1083 882 1144 924 nec
1159 859 1290 925 Becker
1309 882 1370 924 nec
1390 861 1514 926 Linder

116 962 355 1028 intellexerunt.
377 962 430 1026 ille
443 963 540 1046 enim,
557 971 593 1026 ut
608 962 672 1027 alia
683 965 950 1048 praetermittam,
963 967 983 1045 ᾗ
994 963 1037 1027 23
1049 966 1134 1026 τοίνυν
1145 963 1289 1029 reddidit
1299 987 1381 1029 voce
1388 967 1512 1053 judoch,

116 1065 169 1130 hic
185 1069 359 1132 sententias
375 1067 437 1132 loci
453 1067 503 1131 his
519 1068 628 1133 verbis
644 1090 675 1153 p.
689 1067 729 1130 67
744 1067 934 1153 complexus
951 1076 1013 1131 est:
1029 1069 1110 1152 quod
1124 1067 1307 1132 insimulant
1322 1080 1514 1133 accusatores

112 1181 345 1255 patremmeum
356 1195 376 1236 a
391 1194 438 1236 me
449 1173 626 1236 iudicatum
638 1193 708 1253 esse,
722 1171 957 1236 calumniantur
962 1198 974 1256 ,-
988 1195 1062 1234 aara
1073 1173 1109 1253 a)
1121 1174 1151 1236 si
1163 1174 1219 1238 hoc
1235 1173 1301 1236 uest
1314 1174 1414 1238 amite
1429 1185 1512 1251 esset,

116 1273 203 1361 loape
219 1275 371 1341 aliterue
387 1278 541 1361 pessa’ssem
557 1277 717 1362 defecisse
732 1299 778 1340 ute
789 1288 898 1340 uotum
914 1288 957 1340 est
972 1280 1013 1359 ἐξ
1030 1277 1168 1358 19-23,
1185 1276 1218 1358 b)
1234 1279 1263 1342 si
1273 1278 1412 1342 conscius
1423 1280 1513 1342 trtius

114 1379 235 1444 sceleris
254 1381 330 1444 milri
340 1381 485 1468 fuissem,
505 1405 566 1445 noa
582 1382 629 1445 lu'c
643 1383 824 1445 mansissem
842 1382 1048 1466 iudiciumque
1066 1380 1211 1445 subusem
1226 1386 1245 1464 ξ
1261 1381 1312 1446 24.
1346 1385 1436 1447 cuius
1452 1383 1511 1447 dis-

115 1486 281 1569 positionis
301 1488 335 1550 in
355 1493 448 1573 parte
468 1489 575 1572 priore
593 1485 645 1570 (a)
662 1485 763 1550 multa
784 1488 900 1550 omissa
921 1495 1004 1571 sunt,
1024 1508 1101 1571 pars
1120 1486 1223 1550 altera
1239 1485 1290 1572 (b)
1309 1489 1437 1552 omnino
1457 1487 1512 1551 ab·

114 1587 224 1652 horret
238 1613 259 1653 a
273 1589 383 1655 verbis
398 1590 588 1655 Andocidis.
617 1592 644 1654 is
661 1591 747 1654 enim
763 1613 797 1654 se
813 1601 940 1676 patrem
950 1590 1133 1676 prodidisse
1148 1599 1248 1675 negat
1263 1592 1404 1677 quinque
1419 1614 1512 1676 argu-

113 1696 228 1758 mentis
249 1693 362 1776 allatis,
380 1694 422 1760 ad
443 1715 526 1780 quae
548 1694 678 1758 accedit
693 1704 831 1776 sextum,
849 1695 936 1781 quod
956 1696 984 1758 ei
1001 1704 1131 1779 praeter
1145 1694 1343 1759 voluntatem
1364 1698 1454 1781 quasi
1470 1718 1513 1759 ex

115 1819 169 1861 ore
185 1797 325 1865 elabitur
340 1799 375 1884 (ξ
390 1798 434 1862 90
448 1787 495 1860 καὶ
511 1803 561 1876 μὲν
578 1802 611 1877 δὴ
623 1851 629 1862 .
641 1849 646 1863 .
659 1849 665 1861 .
676 1800 845 1884 ἀποθανεῖν).
876 1801 994 1863 etenim
1010 1800 1035 1862 si
1051 1808 1177 1884 patrem
1193 1798 1379 1881 indicasset,
1395 1802 1512 1864 mirum

113 1903 145 1967 in
157 1903 289 1968 modum
302 1903 363 1968 sibi
374 1913 599 1988 repugnasset,
616 1926 690 1969 cum
703 1927 777 1968 eum
789 1906 962 1989 rogaverit,
975 1913 1011 1968 ut
1021 1911 1184 1984 maneret,
1201 1902 1318 1968 deinde
1331 1904 1401 1988 ipse
1417 1913 1511 1988 pater

114 2029 177 2071 non
192 2009 374 2086 mansisset,
392 2029 467 2072 cum
484 2008 664 2073 secundum
679 2008 786 2093 legem
801 2017 857 2072 aut
872 2011 942 2093 ipse
954 2017 1010 2071 aut
1025 2007 1109 2072 filius
1122 2017 1268 2072 extremo
1285 2006 1442 2092 supplicio
1458 2007 1512 2071 ad-

115 2111 219 2177 fectus
240 2121 333 2177 esset.
365 2135 486 2179 novum
506 2113 604 2199 idque
624 2116 756 2179 tertium
775 2124 1005 2198 argumentum
1025 2112 1224 2197 digressione
1246 2111 1302 2176 issa
1322 2113 1513 2196 interposita

116 2219 265 2309 incipite
285 2218 395 2282 verbis
416 2224 480 2301 φέρε
501 2222 535 2297 δὴ
556 2222 655 2282 τοίνυνε
683 2243 724 2283 ne
746 2221 841 2284 amici
861 2218 991 2304 quidem
1010 2220 1244 2304 permisissent,
1265 2225 1302 2281 ut
1322 2223 1512 2280 moraretur.

114 2320 196 2386 haec
216 2334 423 2407 argumenta,
445 2322 561 2409 quibus
582 2323 743 2410 quaedam
767 2333 816 2388 est
836 2323 1025 2404 similitudo,
1046 2323 1199 2408 relinquit
1218 2331 1325 2386 orator
1343 2319 1511 2406 particulis

114 2427 192 2488 ἀλλὰ
210 2432 274 2510 γάρ,
296 2448 378 2512 quae
398 2429 488 2492 initio
508 2430 615 2513 quarti
634 2429 795 2513 legtmtur,
817 2427 927 2492 illatis:
951 2427 1143 2512 Speusippus
1162 2437 1240 2490 certe
1259 2427 1336 2490 data
1356 2426 1512 2489 occasione

114 2534 294 2596 mentionem
305 2533 435 2618 fecisset
454 2534 547 2597 huius
567 2533 695 2616 iudicia
719 2533 858 2618 denique
874 2533 1012 2617 quisquis
1027 2530 1148 2615 aliquid
1161 2530 1260 2610 habet,
1276 2530 1427 2615 contemplo
1437 2553 1511 2615 pro-

105 2634 208 2720 ferat.
240 2636 326 2722 quod
345 2637 422 2702 huic
441 2637 511 2702 loco
528 2638 561 2723 (ἕ
577 2637 634 2724 93)
650 2638 815 2702 antecedit
836 2640 894 2717 ἐγὼ
910 2639 960 2714 μὲν
977 2634 1062 2718 οἶμαι,
1083 2658 1149 2701 non
1163 2634 1309 2720 impedit,
1326 2656 1390 2720 quo
1405 2636 1511 2698 minus

114 2740 273 2824 particula
292 2744 378 2804 τοίνυν
399 2741 545 2806 ordinem
566 2749 831 2827 argumentorum
851 2741 1031 2805 continuari
1052 2749 1246 2823 statuamus,
1264 2739 1305 2804 cf.
1318 2739 1413 2804 Dem.
1427 2738 1511 2802 VIH

114 2843 156 2907 38
173 2847 229 2926 ἐγὼ
246 2849 296 2923 μὲν
311 2848 364 2929 γὰρ
381 2851 432 2927 οὐχ
447 2851 511 2929 ὁρῶ.
535 2847 594 2908 Εἰσὶ
610 2849 695 2909 τοίνυν
710 2850 800 2921 τινὲς.
821 2897 849 2912 ..

217 2948 300 3014 Cum
319 2973 396 3036 ergo
416 2953 481 3016 iam
501 2951 671 3016 videamus
692 2950 867 3016 verborum
886 2955 950 3033 φέρε
972 2952 1007 3030 δὴ
1026 2952 1113 3013 τοίνυν
1133 2971 1263 3035 semper
1283 2948 1421 3013 eandem
1440 2970 1510 3011 esse

114 3054 189 3136 vim,
213 3057 250 3118 ut
271 3078 356 3120 nova
380 3077 432 3120 res
456 3056 725 3121 antecedentibus
749 3056 951 3140 adnectatur,
976 3055 1209 3136 examinemus,
1230 3075 1308 3119 num
1323 3052 1510 3134 recte149,

113 3156 169 3221 ubi
184 3159 218 3222 in
233 3158 314 3224 libro
331 3160 362 3223 A
378 3169 451 3247 post
466 3163 569 3223 ἀδικεῖν
585 3161 735 3226 lacunam
751 3160 924 3226 duodecim
939 3161 1120 3225 litterarum
1136 3181 1206 3223 esse
1221 3158 1371 3244 traditur,
1387 3157 1511 3221 Linder

111 3284 143 3346 p.
157 3262 199 3326 69
216 3265 417 3350 suppleverit
436 3271 501 3349 φέρε
521 3267 555 3343 δὴ
575 3269 675 3348 τοίνυν,
693 3268 746 3330 cui
757 3267 889 3350 Kayser
900 3265 985 3329 Mus.
998 3265 1102 3329 Rhen.
1121 3263 1202 3328 XVI
1223 3263 1263 3326 79
1284 3262 1442 3326 adsensus
1462 3270 1512 3325 est

112 3367 162 3430 his
178 3367 301 3433 verbis:
329 3369 462 3434 Linders
484 3369 650 3457 Vorsclrlap
669 3373 783 3435 scdciut
804 3371 903 3434 durch
924 3371 973 3434 die
988 3374 1028 3452 ἕξ
1045 3368 1095 3448 21,
1113 3368 1165 3451 90,
1184 3367 1256 3450 117,
1274 3366 1335 3430 128
1351 3367 1511 3452 peadqend

113 3469 256 3556 bestittipt
277 3497 315 3536 zu
337 3475 466 3539 werden.
498 3497 653 3560 quaeres
676 3484 850 3560 utrumque
873 3474 996 3540 fefellit.
1027 3474 1111 3538 inest
1134 3474 1220 3537 enim
1244 3473 1277 3535 in
1301 3471 1465 3536 enuntiato
1486 3471 1510 3531 εἰ

111 3576 232 3652 ἤκουσάς
246 3601 270 3639 τι
286 3581 378 3641 τούτου
393 3585 438 3641 τοῦ
450 3585 611 3662 πράγματος
626 3588 672 3643 τοῦ
683 3585 843 3662 γενομένου,
859 3580 919 3641 εἰπέ
931 3600 994 3643 non
1007 3579 1160 3642 transitus
1173 3576 1215 3641 ad
1226 3598 1295 3640 rem
1307 3597 1436 3657 novam,
1453 3575 1508 3639 sed

113 3685 352 3768 consequentia,
376 3706 416 3747 ac
438 3684 541 3749 verba
564 3685 792 3749 antecedentia
816 3683 905 3748 nulla
927 3682 991 3746 alia
1010 3681 1052 3746 de
1076 3704 1175 3746 causa
1198 3683 1406 3765 pronuntiata
1425 3691 1509 3759 sunt,

112 3805 211 3869 quam
230 3796 266 3849 ut
285 3787 370 3852 hanc
394 3790 587 3853 sententiam
608 3790 700 3874 quasi
721 3791 959 3874 praemuniant.
991 3786 1048 3850 sed
1069 3808 1143 3850 cum
1163 3784 1243 3849 nihil
1263 3785 1442 3849 desiderari
1465 3786 1510 3847 vi-

111 3888 227 3954 deatur
239 3900 336 3976 atque
352 3891 393 3957 ob
406 3915 479 3958 eam
490 3915 560 3957 rem
571 3892 752 3978 putandum
768 3895 810 3956 sit
821 3891 897 3956 olim
910 3891 1168 3956 coniunctionem
1180 3888 1399 3954 conclusivam
1411 3888 1509 3975 quod-

111 3991 188 4059 dam
198 3993 335 4061 lacunae
351 3999 492 4083 spatium
508 4019 695 4083 occupasse,
716 4019 836 4079 magna
852 4018 927 4061 curn
942 3997 1012 4059 veri
1029 3997 1138 4082 specie
1153 3997 1237 4058 τοίνυν
1253 3995 1378 4058 restitui
1392 4002 1508 4079 potest,

110 4097 152 4163 de
168 4121 232 4185 quo
246 4101 313 4166 iam
327 4101 448 4166 Reiske
465 4104 629 4186 cogitavit.
660 4123 764 4187 neque
780 4111 887 4165 tamen
904 4124 978 4165 cum
993 4099 1136 4186 Sauppio
1151 4102 1251 4161 τούτων
1268 4100 1353 4160 τοίνυν
1367 4100 1508 4162 inserere

110 4203 223 4286 velim,
239 4204 375 4270 molesta
391 4207 477 4270 enim
493 4206 574 4271 haee
590 4216 639 4271 est
654 4206 804 4271 similium
820 4205 996 4270 verborum
1013 4203 1186 4268 cumulatio
1205 4207 1306 4266 τούτων
1325 4205 1411 4265 τοίνυν
1484 4225 1509 4262 τι

110 4310 203 4370 τούτου
218 4316 264 4372 τοῦ
279 4315 449 4393 πράγματος.
479 4313 587 4393 immo,
607 4332 682 4375 cum
702 4331 856 4375 numerus
877 4309 1049 4374 duodecim
1069 4308 1249 4372 litterarum
1268 4328 1332 4371 non
1347 4307 1443 4370 nimis
1458 4329 1508 4368 ur-

111 4413 259 4498 guendus
273 4415 323 4500 sit,
336 4413 541 4480 Andocidem
553 4414 635 4480 haec
648 4418 815 4501 scripsisse
828 4417 987 4500 suspicor:
1004 4417 1034 4475 οίυ
1049 4415 1134 4475 τοίνυν
1149 4415 1216 4491 ἤδη,
1234 4414 1258 4474 εἰ
1272 4415 1391 4490 ἤκουσάς
1407 4435 1431 4473 τι
1445 4414 1508 4473 τοί-

110 4542 156 4580 του
171 4526 217 4582 τοῦ
232 4524 395 4603 πράγματος
409 4527 455 4583 τοῦ
470 4525 629 4604 γενομένου,
646 4522 706 4584 εἰπέ
720 4520 774 4585 vel
789 4521 854 4585 tale
869 4519 963 4605 quid3
979 4538 1175 4605 quamquam
1187 4539 1245 4604 pro
1258 4525 1346 4581 certo
1358 4515 1438 4580 nihil
1453 4515 1508 4579 ad-

110 4623 232 4688 firmari
249 4646 346 4710 posse
362 4634 615 4692 consentaneum
632 4634 690 4690 est.
723 4626 779 4690 sed
796 4626 878 4690 haec
893 4624 1060 4688 hactenus.
