3225 5092
28 225 178 289 rs

27 399 31 440 l
136 418 222 502 quod
241 417 436 499 Macrobius,
458 441 532 482 cum
551 421 682 482 nomina
704 441 829 500 eorum,
850 442 930 505 quos
950 420 1150 506 compilavit,
1171 423 1307 484 reticere
1328 422 1443 503 soleat,
1463 423 1529 507 ipse

27 563 32 600 ,
136 521 215 586 (11011
230 521 413 586 Cornelium
434 544 562 609 quoque
579 523 767 588 Labeonem
790 524 907 589 ‘dedis
923 525 1109 590 Penatibus'
1131 525 1245 589 eadem
1262 528 1456 590 existimare.
1491 526 1530 590 ad

27 669 31 697 ,·
137 625 276 690 eundem
291 626 412 691 fontem
434 627 575 690 fortasse·
590 630 687 691 etiam
709 628 926 712 fragmentum
941 628 1152 712 Nigidianum
1169 629 1256 714 apud
1272 630 1418 694 Macrob.
1432 630 1457 715 I,
1470 630 1530 711 9,ss

27 731 28 734 ’
135 741 309 812 servatum,
334 731 389 795 ubi
410 730 451 794 de
471 731 549 796 Iano
569 733 684 816 agitur,
713 732 806 798 redit.
839 734 896 797 sed
917 733 1044 819 dubito,
1072 757 1115 799 an
1137 735 1219 799 alius
1236 735 1393 800 Macrobii
1414 735 1529 822 locus1)

135 836 161 919 I,
184 835 233 915 12,
255 835 306 918 20,
337 834 394 900 ubi
421 837 643 923 ‘quorundam'
672 837 712 901 de
738 839 826 903 Maia
852 842 1034 925 opinionem
1061 840 1180 921 adfert,
1209 840 1326 924 quibus
1349 839 1530 905 Cornelium

137 939 523 1004 Labeonemeonsentire
535 941 624 1024 dicit,
640 943 682 1006 ad
695 942 861 1026 Nigidium
875 945 915 1007 sit
926 943 1126 1007 referendus.
1153 945 1237 1007 inter
1249 944 1424 1029 ‘quosdam’
1438 948 1530 1031 enim,

27 1055 29 1118 1
136 1064 214 1127 quos
230 1043 394 1109 Arnobius
411 1045 471 1130 ΙΙΙ,
488 1045 540 1122 32,
553 1069 584 1130 p.
602 1047 672 1127 133,
688 1047 877 1131 interram,
899 1047 994 1132 ‘quod
1016 1051 1141 1112 eunctis
1156 1049 1296 1113 sufficiat
1315 1049 1530 1114 animantibus

27 1179 29 1220 ς
135 1147 277 1230 victum’,
298 1148 436 1213 Matrem
459 1173 528 1214 esse
549 1151 704 1234 Magnam
725 1151 846 1215 dixisse
868 1151 978 1236 refert,
999 1153 1096 1225 etiam
1116 1152 1285 1236 Nigidium
1312 1153 1411 1218 fuisse
1439 1177 1530 1238 argu-

27 1289 29 1346 ,
135 1262 242 1317 mento
258 1276 327 1317 esse
343 1254 495 1318 videntur
510 1254 646 1320 Arnobii
662 1255 774 1337 verba,
796 1277 879 1340 quae
895 1256 979 1320 infra
995 1278 1026 1341 p.
1042 1257 1113 1339 133,
1128 1256 1168 1319 18
1183 1257 1348 1341 leguntur:
1371 1258 1444 1322 ‘non
1461 1261 1530 1343 ipsa

27 1347 28 1416 Ι
135 1355 274 1440 denique
290 1357 397 1422 Mater
412 1359 523 1436 deum,
542 1381 639 1444 quam
655 1358 804 1444 Nigidius
820 1369 967 1424 autumat
981 1362 1221 1425 matrimonium
1237 1363 1379 1426 tenuisse
1391 1361 1530 1444 Saturni,

27 1481 28 1522 3
133 1459 195 1523 dea
210 1470 299 1526 recte
315 1464 432 1546 poterit
446 1463 646 1549 nuncupari.’
677 1486 719 1527 ne
738 1473 849 1529 autem
868 1464 947 1529 mihi
968 1486 1112 1550 opponas
1132 1487 1197 1530 non
1217 1468 1360 1550 potuisse
1382 1466 1529 1548 eundem,

27 1553 29 1582 r
136 1567 190 1650 qui
208 1565 357 1631 ‘Matrem
374 1567 481 1632 deum’
497 1576 618 1633 terram
638 1589 708 1632 esse
730 1568 958 1654 ‘physicorum'
980 1591 1078 1652 more,
1099 1579 1136 1633 ut
1154 1569 1350 1636 vocabulum
1365 1572 1531 1636 Macrobio

132 1672 288 1735 usitatum
314 1694 422 1736 meum
449 1672 583 1754 faciam,
611 1674 773 1755 statuerit,
800 1695 872 1739 eam
900 1695 1035 1738 uxorem
1062 1673 1192 1739 Saturni
1218 1673 1350 1756 habere,
1377 1677 1531 1761 respicias

132 1776 274 1860 primum
295 1773 440 1841 Graecos
459 1798 587 1862 quoque
608 1779 691 1840 Γαῖαν
711 1787 848 1842 matrem
867 1777 924 1862 (ef.
937 1777 1033 1842 Paua.
1047 1778 1090 1860 X,
1105 1778 1155 1861 12,
1168 1777 1205 1842 5:
1227 1781 1268 1840 ab
1287 1782 1406 1865 κλῄζετε
1427 1785 1531 1863 μητέρα

27 1877 28 1886 ’
135 1879 233 1965 γαῖαν)
249 1881 425 1964 posteriore
446 1881 501 1945 illa
522 1891 629 1946 aetate
644 1904 717 1946 cum
730 1879 856 1967 Cybele
872 1883 892 1944 i.
905 1904 932 1945 e.
947 1881 1216 1967 ‘MatreMagna',
1233 1907 1334 1949 uxore
1348 1888 1464 1969 Κρόνου,
1479 1885 1532 1948 vel

27 1969 28 1986 l
137 2007 211 2048 crim
227 1988 350 2066 Δήμητρι
366 1985 560 2066 confudisse,
578 1985 697 2050 deinde
712 1985 909 2051 Martianum
925 1985 1091 2072 Capellam
1106 1987 1132 2071 I,
1148 2010 1180 2073 p.
1194 1987 1246 2070 21,
1260 1989 1301 2052 10
1315 1989 1411 2074 Eyss.
1425 1989 1531 2054 Satur-

131 2110 209 2152 num
231 2112 305 2153 cum
319 2089 421 2154 Vesta
441 2091 641 2156 consociasse
663 2113 735 2155 eam
755 2090 859 2176 ipsam
883 2089 924 2154 ob
945 2112 1087 2170 eausam,
1108 2091 1193 2176 quod
1213 2092 1268 2156 illa
1282 2092 1402 2175 Tellus,
1422 2093 1532 2158 Tellus
1587 2180 1588 2183 Ἴ

27 2175 28 2190 ³
131 2201 240 2256 autem
250 2193 365 2258 ‘Mater
376 2193 591 2279 Magna'esse
606 2194 783 2280 putabatur
800 2194 856 2281 (cf.
867 2195 963 2280 Eyss.
973 2195 1075 2280 praef.
1089 2197 1123 2260 in
1135 2196 1230 2260 Mart.
1240 2196 1320 2282 Cap.
1330 2221 1361 2283 p.
1370 2197 1530 2285 XXXV).

132 2295 275 2378 accedit,
297 2299 383 2382 quod
404 2299 535 2363 easdem
556 2298 596 2362 de
617 2298 755 2362 Telluris
776 2299 961 2364 nominibus
983 2301 1169 2384 sententias,
1190 2322 1270 2386 quas
1286 2301 1452 2367 Arnobius
1468 2304 1487 2368 l.
1502 2328 1529 2367 0.

131 2399 240 2482 refert,
257 2403 320 2464 iam
332 2401 512 2467 Varronem
525 2405 714 2486 cognovisse
730 2427 747 2467 e
759 2403 830 2468 loco
842 2402 1018 2487 Augustini
1030 2404 1082 2467 De
1099 2406 1162 2468 cir.
1176 2404 1228 2469 dei
1240 2405 1315 2487 VII,
1328 2406 1371 2470 24
1382 2407 1529 2492 adparet,

132 2527 227 2590 quem
242 2505 419 2570 Merkelius
436 2506 526 2591 proll.
539 2508 572 2571 in
588 2506 684 2571 Ovid.
698 2508 799 2571 Fastt.
817 2530 849 2593 p.
863 2506 1038 2572 CCXXIII
1053 2510 1137 2572 inter
1152 2510 1335 2593 fragmenta
1350 2509 1423 2574 libri
1436 2512 1529 2576 XVI.

132 2611 203 2673 ‘rer
229 2608 339 2673 divin!
367 2612 486 2695 posuit:
515 2610 671 2676 ‘eandem’
693 2610 897 2697 (Tellurem),
924 2615 1027 2697 inquit
1053 2612 1198 2700 (Varro),
1226 2614 1347 2678 ‘dieunt
1370 2614 1531 2679 Matrem

27 2795 28 2800 η
130 2713 320 2798 Magnam:
337 2713 423 2800 quod
440 2723 632 2800 tympanum
648 2715 778 2798 habeat,
795 2715 971 2800 significari
984 2740 1054 2782 esse
1066 2718 1179 2782 orbem
1190 2729 1309 2783 terrae:
1327 2719 1412 2804 quod
1425 2729 1530 2785 turres

27 2849 28 2854 1
130 2821 164 2882 in
180 2821 296 2906 capite,
313 2818 446 2904 oppida:
463 2819 549 2903 quod
566 2818 682 2884 sedens
695 2820 846 2904 fingatur'
860 2819 923 2905 (sic
939 2824 1081 2887 correxit
1095 2822 1218 2906 Zoega:
1236 2823 1340 2888 ‘sedes
1355 2824 1529 2908 fingantur’

131 2922 251 3008 codd),
266 2925 447 2987 ‘circaeam
461 2945 535 2986 cum
547 2923 653 2988 omnia
666 2934 866 3008 moveantur,
879 2926 983 3010 ipsam
996 2949 1062 2990 non
1074 2929 1212 2991 moveri:
1225 2928 1311 3012 quod
1320 2927 1440 3011 Gallos,
1453 2928 1530 2993 huic

130 3024 211 3092 deae
233 3036 269 3090 ut
285 3028 453 3111 servirent,
474 3027 631 3106 fecerunt,
648 3028 810 3112 significat
824 3050 887 3106 000,
905 3031 960 3117 qui
973 3033 1095 3095 semine
1110 3031 1285 3116 indigeant,
1303 3041 1423 3096 terram
1437 3035 1530 3118 sequi

129 3131 541 3216 oportere'...‘Tellurem'‚
569 3133 683 3218 inquit,
712 3133 838 3217 ‘putant
861 3155 931 3197 esse
951 3133 1084 3219 Opem,
1114 3135 1200 3219 quod
1223 3158 1322 3220 opera
1341 3137 1378 3199 fit
1400 3137 1528 3201 melior:

129 3245 274 3311 matrem,
294 3235 380 3320 quod
397 3235 535 3320 plurima
550 3238 670 3322 pariat:
691 3257 853 3320 magnam,
875 3239 962 3322 quod
978 3239 1087 3304 cibum
1102 3241 1220 3325 pariat:
1244 3241 1528 3326 Proserpinam,

129 3337 216 3424 quod
228 3361 271 3402 ex
283 3361 321 3404 ea
333 3350 524 3425 proserpant
538 3340 663 3424 fruges:
677 3340 845 3419 Vestam,
860 3342 946 3426 quod
958 3345 1116 3407 vestiatur
1127 3343 1246 3409 herbis.
1275 3345 1321 3408 010
1334 3344 1414 3409 01100
1426 3345 1527 3423 deas',

128 3444 240 3528 inquit,
254 3446 327 3508 ‘non
340 3443 482 3509 absurde
490 3445 532 3508 ad
541 3444 628 3508 illam
639 3445 814 3510 revocant'
830 3498 836 3510 .
849 3497 855 3509 .
867 3455 915 3510 .et
927 3447 1018 3511 dicit:
1033 3450 1118 3512 ‘cum
1128 3449 1245 3533 quibus
1254 3450 1360 3534 opinio
1369 3451 1529 3515 maiorum

130 3548 171 3611 de
188 3547 237 3611 his
254 3547 389 3631 deabus,
406 3548 493 3634 qu'od
507 3549 618 3634 plures
634 3573 688 3614 000
704 3559 859 3636 putarunt
874 3573 955 3635 esse,
971 3573 1035 3615 non
1051 3553 1195 3637 pugnat!
1227 3574 1300 3616 cum
1317 3553 1375 3628 his,
1396 3575 1528 3638 quaeso,

128 3651 276 3717 conferas
292 3651 429 3717 Arnobii
448 3653 564 3718 verba:
586 3655 715 3718 ‘terram
735 3655 868 3741 quidam
889 3678 907 3718 0
926 3654 1031 3736 vobis,
1053 3656 1137 3740 quod
1160 3658 1285 3720 cunetis
1305 3658 1445 3722 sufficiat
1460 3661 1529 3721 ani-

27 3809 30 3826 ,,
129 3755 292 3820 mantibus
313 3759 450 3839 victum,
474 3758 613 3822 Matrem
634 3779 704 3822 esse
725 3758 878 3823 dixerunt
899 3758 1062 3842 Magnam,
1088 3759 1225 3824 eandem
1246 3759 1331 3823 hanc
1350 3760 1419 3841 alii,
1440 3761 1529 3846 quod

27 3887 34 3906 r
129 3861 316 3925 salutarium
334 3864 492 3926 seminum
507 3862 634 3946 frugem
648 3871 750 3945 gerat,
767 3863 920 3928 Cererem
936 3885 1006 3927 esse
1022 3865 1240 3947 pronuntiant,
1255 3864 1400 3928 nonnulli
1416 3874 1529 3930 autem

128 3965 272 4050 Vestam,
289 3965 374 4051 quod
391 3967 423 4029 in
439 3965 559 4030 mundo
576 3975 639 4030 stet
654 3965 729 4049 sola,
747 3969 864 4030 ceteris
880 3968 949 4031 eius
964 3967 1111 4052 partibus
1127 3966 1304 4032 mobilitate
1320 3969 1352 4033 in
1368 3978 1530 4054 perpetua

129 4069 329 4133 constitutis'
365 4070 457 4134 vides
476 4072 574 4154 igitur
594 4092 745 4155 magnam
765 4093 835 4135 esse
854 4080 887 4134 et
907 4071 1148 4136 similitudinem
1169 4081 1201 4135 et
1221 4073 1528 4159 dissimilitudinem,

127 4174 172 4236 ita
191 4183 298 4238 tamen
320 4183 549 4258 comparatam,
574 4184 608 4239 ut
629 4175 769 4238 dubitari
792 4185 944 4260 nequeat,
969 4176 1044 4259 quin
1065 4175 1220 4239 Varronis
1244 4177 1417 4262 disputatio
1438 4201 1528 4242 com-

128 4299 225 4342 mune
243 4278 339 4341 fuerit
356 4277 556 4362 exemplum,
577 4278 662 4363 quod
683 4278 725 4342 ab
742 4276 925 4363 Augustino
944 4280 1128 4344 accuratius
1148 4301 1338 4366 expressum
1358 4289 1416 4346 est.
1447 4304 1529 4347 nam
1576 4324 1588 4350 .=

231 4523 250 4588 ¹)
263 4523 333 4573 Eum
350 4523 439 4574 locum
459 4526 487 4575 in
506 4523 557 4575 hoc
576 4529 656 4592 caput
674 4527 825 4592 ceteroqui,
846 4527 964 4592 exeeptis
985 4527 1022 4589 ἓξ.
1039 4527 1151 4590 20-29,
1173 4541 1189 4576 e
1205 4527 1279 4577 fonte
1299 4528 1436 4578 Maerobio
1454 4528 1527 4579 Cen-

125 4611 214 4663 sorino
228 4610 319 4662 Selino
337 4614 473 4662 communi
489 4613 613 4663 haustum
630 4614 762 4663 intrusum
782 4628 841 4664 esse
853 4614 984 4665 Wissowa
1000 4614 1184 4680 comprobavit
1204 4614 1238 4665 de
1249 4614 1331 4666 Macr.
1347 4615 1425 4666 fontt.
1442 4632 1469 4681 p.
1482 4618 1526 4667 17.
