<?xml version="1.0" encoding="UTF-8"?>
<!DOCTYPE html PUBLIC "-//W3C//DTD XHTML 1.0 Transitional//EN"
    "http://www.w3.org/TR/xhtml1/DTD/xhtml1-transitional.dtd">
<html xmlns="http://www.w3.org/1999/xhtml" xml:lang="en" lang="en">
 <head>
  <title>
</title>
<meta http-equiv="Content-Type" content="text/html;charset=utf-8" />
  <meta name='ocr-system' content='tesseract 3.04.00' />
  <meta name='ocr-capabilities' content='ocr_page ocr_carea ocr_par ocr_line ocrx_word'/>
</head>
<body>
  <div class='ocr_page' id='page_1' title='image "./dissertationesp06wiengoog_0197.png"; bbox 0 0 3225 5092; ppageno 0'>
   <div class='ocr_carea' id='block_1_1' title="bbox 71 231 133 296">
    <p class='ocr_par' dir='ltr' id='par_1_1' title="bbox 71 231 133 296">
     <span class='ocr_line' id='line_1_1' title="bbox 71 231 133 296; baseline 0.016 -1"><span class='ocrx_word' id='word_1_1' title='bbox 71 231 133 296; x_wconf 80' lang='lat'>186</span> 
     </span>
    </p>
   </div>
   <div class='ocr_carea' id='block_1_2' title="bbox 58 425 1466 931">
    <p class='ocr_par' dir='ltr' id='par_1_2' title="bbox 58 425 1465 826">
     <span class='ocr_line' id='line_1_2' title="bbox 70 425 1465 512; baseline 0 -22"><span class='ocrx_word' id='word_1_2' title='bbox 70 426 228 495; x_wconf 83' lang='lat' dir='ltr'>cessivus:</span> <span class='ocrx_word' id='word_1_3' title='bbox 250 428 277 489; x_wconf 86' lang='lat' dir='ltr'>is</span> <span class='ocrx_word' id='word_1_4' title='bbox 300 426 385 491; x_wconf 92' lang='lat' dir='ltr'>enim</span> <span class='ocrx_word' id='word_1_5' title='bbox 410 428 590 491; x_wconf 80' lang='lat' dir='ltr'>continetur</span> <span class='ocrx_word' id='word_1_6' title='bbox 613 429 853 512; x_wconf 82' lang='lat' dir='ltr'>consequentia,</span> <span class='ocrx_word' id='word_1_7' title='bbox 877 435 913 490; x_wconf 93' lang='lat' dir='ltr'>ut</span> <span class='ocrx_word' id='word_1_8' title='bbox 932 428 978 491; x_wconf 88' lang='lat' dir='ltr'>ita</span> <span class='ocrx_word' id='word_1_9' title='bbox 998 425 1115 508; x_wconf 92' lang='lat' dir='ltr'>dicam,</span> <span class='ocrx_word' id='word_1_10' title='bbox 1136 434 1264 510; x_wconf 89' lang='lat' dir='ltr'>negata.</span> <span class='ocrx_word' id='word_1_11' title='bbox 1295 428 1347 490; x_wconf 91' lang='lat' dir='ltr'>cui</span> <span class='ocrx_word' id='word_1_12' title='bbox 1363 425 1465 490; x_wconf 87' lang='lat' dir='ltr'>simile</span> 
     </span>
     <span class='ocr_line' id='line_1_3' title="bbox 69 529 1465 620; baseline 0 -26"><span class='ocrx_word' id='word_1_13' title='bbox 69 529 147 616; x_wconf 93' lang='lat' dir='ltr'>quid</span> <span class='ocrx_word' id='word_1_14' title='bbox 162 529 303 594; x_wconf 87' lang='lat' dir='ltr'>vidimus</span> <span class='ocrx_word' id='word_1_15' title='bbox 319 530 351 594; x_wconf 90' lang='lat' dir='ltr'>in</span> <span class='ocrx_word' id='word_1_16' title='bbox 367 529 444 595; x_wconf 87' lang='lat' dir='ltr'>Ant.</span> <span class='ocrx_word' id='word_1_17' title='bbox 458 530 507 594; x_wconf 92' lang='lat' dir='ltr'>VI</span> <span class='ocrx_word' id='word_1_18' title='bbox 519 532 561 596; x_wconf 85' lang='grc'>46</span> <span class='ocrx_word' id='word_1_19' title='bbox 577 531 622 617; x_wconf 93' lang='lat' dir='ltr'>(p.</span> <span class='ocrx_word' id='word_1_20' title='bbox 640 531 727 617; x_wconf 83' lang='lat'>180).</span> <span class='ocrx_word' id='word_1_21' title='bbox 755 531 817 596; x_wconf 90' lang='lat' dir='ltr'>hac</span> <span class='ocrx_word' id='word_1_22' title='bbox 831 532 991 620; x_wconf 84' lang='lat' dir='ltr'>sententia</span> <span class='ocrx_word' id='word_1_23' title='bbox 1002 539 1140 617; x_wconf 85' lang='lat' dir='ltr'>accepta</span> <span class='ocrx_word' id='word_1_24' title='bbox 1153 534 1218 596; x_wconf 85' lang='lat' dir='ltr'>iam</span> <span class='ocrx_word' id='word_1_25' title='bbox 1234 531 1321 596; x_wconf 91' lang='lat' dir='ltr'>nullo</span> <span class='ocrx_word' id='word_1_26' title='bbox 1336 530 1465 615; x_wconf 89' lang='lat' dir='ltr'>negotio</span> 
     </span>
     <span class='ocr_line' id='line_1_4' title="bbox 69 635 1465 723; baseline 0.001 -25"><span class='ocrx_word' id='word_1_27' title='bbox 69 637 92 698; x_wconf 91' lang='lat' dir='ltr'>ii</span> <span class='ocrx_word' id='word_1_28' title='bbox 109 656 236 721; x_wconf 92' lang='lat' dir='ltr'>quoque</span> <span class='ocrx_word' id='word_1_29' title='bbox 256 635 318 699; x_wconf 90' lang='lat' dir='ltr'>loci</span> <span class='ocrx_word' id='word_1_30' title='bbox 338 637 431 720; x_wconf 89' lang='lat' dir='ltr'>quasi</span> <span class='ocrx_word' id='word_1_31' title='bbox 446 635 656 720; x_wconf 79' lang='lat' dir='ltr'>illustrantur,</span> <span class='ocrx_word' id='word_1_32' title='bbox 677 635 795 721; x_wconf 89' lang='lat' dir='ltr'>quibus</span> <span class='ocrx_word' id='word_1_33' title='bbox 807 635 987 722; x_wconf 81' lang='lat' dir='ltr'>particulae</span> <span class='ocrx_word' id='word_1_34' title='bbox 1003 636 1097 698; x_wconf 83' lang='grc' dir='ltr'>οὔκουν</span> <span class='ocrx_word' id='word_1_35' title='bbox 1112 635 1338 723; x_wconf 81' lang='lat' dir='ltr'>praegreditur</span> <span class='ocrx_word' id='word_1_36' title='bbox 1354 657 1465 700; x_wconf 88' lang='lat' dir='ltr'>secun·</span> 
     </span>
     <span class='ocr_line' id='line_1_5' title="bbox 58 738 1113 826; baseline 0.001 -24"><span class='ocrx_word' id='word_1_37' title='bbox 58 738 196 804; x_wconf 57' lang='lat' dir='ltr'>‘darium</span> <span class='ocrx_word' id='word_1_38' title='bbox 211 741 412 805; x_wconf 91' lang='lat' dir='ltr'>enuntiatum</span> <span class='ocrx_word' id='word_1_39' title='bbox 430 742 662 804; x_wconf 88' lang='lat' dir='ltr'>concessivum.</span> <span class='ocrx_word' id='word_1_40' title='bbox 694 741 752 805; x_wconf 89' lang='lat' dir='ltr'>scd</span> <span class='ocrx_word' id='word_1_41' title='bbox 768 741 936 805; x_wconf 86' lang='lat' dir='ltr'>videamus</span> <span class='ocrx_word' id='word_1_42' title='bbox 952 739 1113 826; x_wconf 85' lang='lat' dir='ltr'>exempla.</span> 
     </span>
    </p>

    <p class='ocr_par' dir='ltr' id='par_1_3' title="bbox 172 843 1466 931">
     <span class='ocr_line' id='line_1_6' title="bbox 172 843 1466 931; baseline -0.002 -23"><span class='ocrx_word' id='word_1_43' title='bbox 172 843 307 908; x_wconf 91' lang='lat' dir='ltr'>Plurimi</span> <span class='ocrx_word' id='word_1_44' title='bbox 323 845 385 909; x_wconf 91' lang='lat' dir='ltr'>loci</span> <span class='ocrx_word' id='word_1_45' title='bbox 406 853 480 908; x_wconf 89' lang='lat' dir='ltr'>sunt</span> <span class='ocrx_word' id='word_1_46' title='bbox 500 846 533 908; x_wconf 91' lang='lat' dir='ltr'>in</span> <span class='ocrx_word' id='word_1_47' title='bbox 548 843 639 908; x_wconf 90' lang='lat' dir='ltr'>libris</span> <span class='ocrx_word' id='word_1_48' title='bbox 655 844 865 909; x_wconf 89' lang='lat' dir='ltr'>Herodoteis:</span> <span class='ocrx_word' id='word_1_49' title='bbox 881 845 899 909; x_wconf 95' lang='grc' dir='ltr'>Ι</span> <span class='ocrx_word' id='word_1_50' title='bbox 915 845 953 908; x_wconf 91' lang='grc'>11</span> <span class='ocrx_word' id='word_1_51' title='bbox 972 845 1091 931; x_wconf 78' lang='grc' dir='ltr'>(ἱκέτευε</span> <span class='ocrx_word' id='word_1_52' title='bbox 1112 850 1151 922; x_wconf 87' lang='grc' dir='ltr'>μή</span> <span class='ocrx_word' id='word_1_53' title='bbox 1165 867 1209 922; x_wconf 83' lang='grc' dir='ltr'>μιν</span> <span class='ocrx_word' id='word_1_54' title='bbox 1225 846 1362 929; x_wconf 73' lang='grc' dir='ltr'><strong>ἀναγκαίῃ</strong></span> <span class='ocrx_word' id='word_1_55' title='bbox 1379 845 1466 906; x_wconf 81' lang='grc' dir='ltr'>ἐνδεῖν</span> 
     </span>
    </p>
   </div>
   <div class='ocr_carea' id='block_1_3' title="bbox 69 948 1567 1032">
    <p class='ocr_par' dir='ltr' id='par_1_4' title="bbox 69 948 1567 1032">
     <span class='ocr_line' id='line_1_7' title="bbox 69 948 1567 1032; baseline 0 -21"><span class='ocrx_word' id='word_1_56' title='bbox 69 952 201 1032; x_wconf 78' lang='grc' dir='ltr'>διακρῖναι</span> <span class='ocrx_word' id='word_1_57' title='bbox 216 953 340 1028; x_wconf 80' lang='grc' dir='ltr'>τοιαύτην</span> <span class='ocrx_word' id='word_1_58' title='bbox 361 952 474 1031; x_wconf 79' lang='grc' dir='ltr'>αἵρεσιν·</span> <span class='ocrx_word' id='word_1_59' title='bbox 492 953 540 1010; x_wconf 71' lang='grc' dir='ltr'>οὐκ</span> <span class='ocrx_word' id='word_1_60' title='bbox 557 948 595 1011; x_wconf 84' lang='grc' dir='ltr'>ὧν</span> <span class='ocrx_word' id='word_1_61' title='bbox 617 952 650 1026; x_wconf 83' lang='grc' dir='ltr'>δή</span> <span class='ocrx_word' id='word_1_62' title='bbox 668 953 769 1032; x_wconf 83' lang='grc' dir='ltr'>ἔπειθε,</span> <span class='ocrx_word' id='word_1_63' title='bbox 787 953 855 1012; x_wconf 89' lang='grc' dir='ltr'>ἀλλ’</span> <span class='ocrx_word' id='word_1_64' title='bbox 867 955 927 1032; x_wconf 80' lang='grc' dir='ltr'>ὥρα</span> <span class='ocrx_word' id='word_1_65' title='bbox 943 951 1096 1030; x_wconf 73' lang='grc' dir='ltr'>ἀναγκαίην</span> <span class='ocrx_word' id='word_1_66' title='bbox 1117 952 1245 1026; x_wconf 83' lang='grc' dir='ltr'>ἀληθέως</span> <span class='ocrx_word' id='word_1_67' title='bbox 1258 950 1465 1032; x_wconf 73' lang='grc' dir='ltr'>προκειμένην),</span> <span class='ocrx_word' id='word_1_68' title='bbox 1563 961 1567 968; x_wconf 89' lang='grc'><em>“</em></span> 
     </span>
    </p>
   </div>
   <div class='ocr_carea' id='block_1_4' title="bbox 67 1052 1468 4279">
    <p class='ocr_par' dir='ltr' id='par_1_5' title="bbox 67 1052 1468 3436">
     <span class='ocr_line' id='line_1_8' title="bbox 67 1052 1465 1140; baseline 0 -24"><span class='ocrx_word' id='word_1_69' title='bbox 67 1052 125 1134; x_wconf 76' lang='lat'>24,</span> <span class='ocrx_word' id='word_1_70' title='bbox 148 1052 204 1130; x_wconf 82' lang='lat'>59,</span> <span class='ocrx_word' id='word_1_71' title='bbox 233 1053 351 1138; x_wconf 89' lang='lat' dir='ltr'>quibus</span> <span class='ocrx_word' id='word_1_72' title='bbox 374 1053 452 1117; x_wconf 88' lang='lat' dir='ltr'>locis</span> <span class='ocrx_word' id='word_1_73' title='bbox 475 1055 508 1117; x_wconf 90' lang='lat' dir='ltr'>in</span> <span class='ocrx_word' id='word_1_74' title='bbox 532 1055 711 1135; x_wconf 88' lang='lat' dir='ltr'>enuntiato,</span> <span class='ocrx_word' id='word_1_75' title='bbox 736 1056 828 1118; x_wconf 87' lang='lat' dir='ltr'>cuius</span> <span class='ocrx_word' id='word_1_76' title='bbox 850 1056 992 1140; x_wconf 91' lang='lat' dir='ltr'>primum</span> <span class='ocrx_word' id='word_1_77' title='bbox 1015 1053 1123 1118; x_wconf 90' lang='lat' dir='ltr'>locum</span> <span class='ocrx_word' id='word_1_78' title='bbox 1145 1056 1195 1115; x_wconf 84' lang='grc' dir='ltr'>οθκ</span> <span class='ocrx_word' id='word_1_79' title='bbox 1218 1053 1255 1115; x_wconf 80' lang='grc' dir='ltr'>ὢν</span> <span class='ocrx_word' id='word_1_80' title='bbox 1282 1054 1465 1138; x_wconf 89' lang='lat' dir='ltr'>occupavit,</span> 
     </span>
     <span class='ocr_line' id='line_1_9' title="bbox 69 1156 1466 1244; baseline 0 -24"><span class='ocrx_word' id='word_1_81' title='bbox 69 1157 207 1224; x_wconf 89' lang='lat' dir='ltr'>verbum</span> <span class='ocrx_word' id='word_1_82' title='bbox 222 1158 349 1221; x_wconf 90' lang='lat' dir='ltr'>finitum</span> <span class='ocrx_word' id='word_1_83' title='bbox 366 1166 414 1220; x_wconf 90' lang='lat' dir='ltr'>est</span> <span class='ocrx_word' id='word_1_84' title='bbox 433 1160 534 1220; x_wconf 80' lang='grc' dir='ltr'>πείθειν</span> <span class='ocrx_word' id='word_1_85' title='bbox 555 1157 607 1222; x_wconf 90' lang='lat' dir='ltr'>vel</span> <span class='ocrx_word' id='word_1_86' title='bbox 627 1162 775 1241; x_wconf 87' lang='grc' dir='ltr'>πείθεσθαι,</span> <span class='ocrx_word' id='word_1_87' title='bbox 796 1157 884 1223; x_wconf 88' lang='lat' dir='ltr'>unde</span> <span class='ocrx_word' id='word_1_88' title='bbox 904 1156 1065 1243; x_wconf 87' lang='lat' dir='ltr'>audimus,</span> <span class='ocrx_word' id='word_1_89' title='bbox 1082 1180 1156 1221; x_wconf 92' lang='lat' dir='ltr'>cum</span> <span class='ocrx_word' id='word_1_90' title='bbox 1172 1156 1328 1244; x_wconf 86' lang='lat' dir='ltr'>quiddam</span> <span class='ocrx_word' id='word_1_91' title='bbox 1342 1158 1466 1222; x_wconf 88' lang='lat' dir='ltr'>factum</span> 
     </span>
     <span class='ocr_line' id='line_1_10' title="bbox 72 1261 1466 1348; baseline -0.001 -24"><span class='ocrx_word' id='word_1_92' title='bbox 72 1263 122 1344; x_wconf 90' lang='lat' dir='ltr'>sit,</span> <span class='ocrx_word' id='word_1_93' title='bbox 143 1272 179 1326; x_wconf 92' lang='lat' dir='ltr'>ut</span> <span class='ocrx_word' id='word_1_94' title='bbox 203 1261 336 1348; x_wconf 90' lang='lat' dir='ltr'>quidam</span> <span class='ocrx_word' id='word_1_95' title='bbox 356 1272 609 1348; x_wconf 88' lang='lat' dir='ltr'>permoveretur,</span> <span class='ocrx_word' id='word_1_96' title='bbox 634 1263 667 1327; x_wconf 93' lang='lat' dir='ltr'>id</span> <span class='ocrx_word' id='word_1_97' title='bbox 687 1286 752 1328; x_wconf 92' lang='lat' dir='ltr'>non</span> <span class='ocrx_word' id='word_1_98' title='bbox 777 1264 964 1348; x_wconf 76' lang='lat' dir='ltr'>contigisse,</span> <span class='ocrx_word' id='word_1_99' title='bbox 984 1262 1095 1326; x_wconf 82' lang='lat'>11141</span> <span class='ocrx_word' id='word_1_100' title='bbox 1114 1264 1198 1343; x_wconf 89' lang='grc' dir='ltr'>(μετά</span> <span class='ocrx_word' id='word_1_101' title='bbox 1218 1264 1249 1324; x_wconf 81' lang='grc' dir='ltr'>δὲ</span> <span class='ocrx_word' id='word_1_102' title='bbox 1272 1265 1315 1324; x_wconf 80' lang='grc' dir='ltr'>ἐπ’</span> <span class='ocrx_word' id='word_1_103' title='bbox 1329 1263 1466 1342; x_wconf 84' lang='grc' dir='ltr'>Αίγυττον</span> 
     </span>
     <span class='ocr_line' id='line_1_11' title="bbox 72 1364 1466 1450; baseline 0.001 -22"><span class='ocrx_word' id='word_1_104' title='bbox 72 1369 195 1428; x_wconf 77' lang='grc' dir='ltr'>ἐλαύνειν</span> <span class='ocrx_word' id='word_1_105' title='bbox 209 1371 321 1448; x_wconf 72' lang='grc' dir='ltr'>στρατὸν</span> <span class='ocrx_word' id='word_1_106' title='bbox 334 1370 423 1447; x_wconf 89' lang='grc' dir='ltr'>μέγαν</span> <span class='ocrx_word' id='word_1_107' title='bbox 434 1370 625 1450; x_wconf 79' lang='grc' dir='ltr'>Σαναχάριβον</span> <span class='ocrx_word' id='word_1_108' title='bbox 638 1369 756 1445; x_wconf 80' lang='grc' dir='ltr'>βασιλέα</span> <span class='ocrx_word' id='word_1_109' title='bbox 765 1371 903 1450; x_wconf 76' lang='grc' dir='ltr'>Ἀραβίων</span> <span class='ocrx_word' id='word_1_110' title='bbox 917 1391 947 1430; x_wconf 89' lang='grc' dir='ltr'>τε</span> <span class='ocrx_word' id='word_1_111' title='bbox 959 1368 1005 1430; x_wconf 88' lang='grc' dir='ltr'>καὶ</span> <span class='ocrx_word' id='word_1_112' title='bbox 1014 1364 1173 1450; x_wconf 85' lang='grc' dir='ltr'>Ἀσσυρίων·</span> <span class='ocrx_word' id='word_1_113' title='bbox 1190 1371 1240 1430; x_wconf 83' lang='grc' dir='ltr'>οίνκ</span> <span class='ocrx_word' id='word_1_114' title='bbox 1253 1365 1291 1428; x_wconf 80' lang='grc' dir='ltr'>ὧν</span> <span class='ocrx_word' id='word_1_115' title='bbox 1307 1368 1341 1445; x_wconf 78' lang='grc' dir='ltr'>δὴ</span> <span class='ocrx_word' id='word_1_116' title='bbox 1358 1369 1466 1429; x_wconf 79' lang='grc' dir='ltr'>ἐθέλειν</span> 
     </span>
     <span class='ocr_line' id='line_1_12' title="bbox 68 1471 1466 1559; baseline 0.001 -27"><span class='ocrx_word' id='word_1_117' title='bbox 68 1473 130 1543; x_wconf 85' lang='grc' dir='ltr'>τοὶις</span> <span class='ocrx_word' id='word_1_118' title='bbox 146 1472 282 1551; x_wconf 86' lang='grc' dir='ltr'>μαχίμους</span> <span class='ocrx_word' id='word_1_119' title='bbox 302 1479 355 1533; x_wconf 86' lang='grc' dir='ltr'>τῶν</span> <span class='ocrx_word' id='word_1_120' title='bbox 370 1472 523 1553; x_wconf 75' lang='grc' dir='ltr'>Αἰγυπτίων</span> <span class='ocrx_word' id='word_1_121' title='bbox 540 1472 679 1557; x_wconf 88' lang='grc' dir='ltr'>βωθέειν),</span> <span class='ocrx_word' id='word_1_122' title='bbox 696 1471 727 1534; x_wconf 92' lang='lat' dir='ltr'>V</span> <span class='ocrx_word' id='word_1_123' title='bbox 740 1472 791 1555; x_wconf 82' lang='lat'>96,</span> <span class='ocrx_word' id='word_1_124' title='bbox 817 1472 867 1536; x_wconf 93' lang='lat' dir='ltr'>VI</span> <span class='ocrx_word' id='word_1_125' title='bbox 886 1471 929 1536; x_wconf 80' lang='lat'>52</span> <span class='ocrx_word' id='word_1_126' title='bbox 948 1471 1209 1559; x_wconf 82' lang='lat' dir='ltr'>(Lacedaemonii</span> <span class='ocrx_word' id='word_1_127' title='bbox 1222 1471 1365 1558; x_wconf 84' lang='lat' dir='ltr'>fratrem</span> <span class='ocrx_word' id='word_1_128' title='bbox 1386 1482 1466 1535; x_wconf 82' lang='lat' dir='ltr'>actu</span> 
     </span>
     <span class='ocr_line' id='line_1_13' title="bbox 69 1575 1465 1662; baseline 0.001 -24"><span class='ocrx_word' id='word_1_129' title='bbox 69 1578 214 1639; x_wconf 82' lang='lat' dir='ltr'>maiorem</span> <span class='ocrx_word' id='word_1_130' title='bbox 233 1598 333 1662; x_wconf 76' lang='lat' dir='ltr'>repent</span> <span class='ocrx_word' id='word_1_131' title='bbox 354 1575 516 1638; x_wconf 84' lang='lat' dir='ltr'>declarare</span> <span class='ocrx_word' id='word_1_132' title='bbox 536 1576 768 1654; x_wconf 77' lang='lat' dir='ltr'>constituerunt,</span> <span class='ocrx_word' id='word_1_133' title='bbox 789 1599 846 1640; x_wconf 83' lang='lat' dir='ltr'>nec</span> <span class='ocrx_word' id='word_1_134' title='bbox 860 1587 971 1658; x_wconf 79' lang='lat' dir='ltr'>taruco,</span> <span class='ocrx_word' id='word_1_135' title='bbox 992 1586 1097 1640; x_wconf 79' lang='lat' dir='ltr'>utrum</span> <span class='ocrx_word' id='word_1_136' title='bbox 1117 1586 1269 1654; x_wconf 83' lang='lat' dir='ltr'>crearent,</span> <span class='ocrx_word' id='word_1_137' title='bbox 1286 1577 1465 1659; x_wconf 80' lang='lat' dir='ltr'>sciuerunt),</span> 
     </span>
     <span class='ocr_line' id='line_1_14' title="bbox 68 1679 1465 1767; baseline 0.001 -23"><span class='ocrx_word' id='word_1_138' title='bbox 68 1679 133 1744; x_wconf 89' lang='lat' dir='ltr'>VH</span> <span class='ocrx_word' id='word_1_139' title='bbox 151 1679 205 1762; x_wconf 77' lang='lat'>153</span> <span class='ocrx_word' id='word_1_140' title='bbox 228 1679 324 1744; x_wconf 77' lang='lat'>1206</span> <span class='ocrx_word' id='word_1_141' title='bbox 341 1682 541 1764; x_wconf 82' lang='lat' dir='ltr'>(quamquam</span> <span class='ocrx_word' id='word_1_142' title='bbox 556 1690 584 1743; x_wconf 87' lang='lat' dir='ltr'>ta</span> <span class='ocrx_word' id='word_1_143' title='bbox 599 1680 635 1743; x_wconf 85' lang='lat' dir='ltr'>id</span> <span class='ocrx_word' id='word_1_144' title='bbox 650 1703 734 1767; x_wconf 74' lang='grc' dir='ltr'>παρα,</span> <span class='ocrx_word' id='word_1_145' title='bbox 755 1694 861 1745; x_wconf 81' lang='lat' dir='ltr'>tamea</span> <span class='ocrx_word' id='word_1_146' title='bbox 879 1683 954 1744; x_wconf 76' lang='lat' dir='ltr'>mitt</span> <span class='ocrx_word' id='word_1_147' title='bbox 972 1703 1034 1744; x_wconf 84' lang='lat' dir='ltr'>aon</span> <span class='ocrx_word' id='word_1_148' title='bbox 1054 1679 1301 1766; x_wconf 80' lang='lat' dir='ltr'>obtemperabis),</span> <span class='ocrx_word' id='word_1_149' title='bbox 1316 1679 1386 1743; x_wconf 91' lang='lat' dir='ltr'>IIIl</span> <span class='ocrx_word' id='word_1_150' title='bbox 1404 1680 1465 1745; x_wconf 87' lang='lat'>118</span> 
     </span>
     <span class='ocr_line' id='line_1_15' title="bbox 69 1785 1467 1868; baseline 0.003 -23"><span class='ocrx_word' id='word_1_151' title='bbox 69 1785 168 1868; x_wconf 68' lang='grc' dir='ltr'>(τώυτὸ</span> <span class='ocrx_word' id='word_1_152' title='bbox 187 1789 334 1863; x_wconf 83' lang='grc' dir='ltr'>νοήσαντες</span> <span class='ocrx_word' id='word_1_153' title='bbox 354 1788 522 1863; x_wconf 80' lang='grc' dir='ltr'>ἀντιάζωμεν</span> <span class='ocrx_word' id='word_1_154' title='bbox 542 1789 586 1847; x_wconf 78' lang='grc' dir='ltr'>τὀν</span> <span class='ocrx_word' id='word_1_155' title='bbox 603 1787 720 1847; x_wconf 79' lang='grc' dir='ltr'>ἐπιόντα.</span> <span class='ocrx_word' id='word_1_156' title='bbox 745 1789 795 1848; x_wconf 76' lang='grc' dir='ltr'>οὐκ</span> <span class='ocrx_word' id='word_1_157' title='bbox 810 1785 848 1848; x_wconf 78' lang='grc' dir='ltr'>ὧν</span> <span class='ocrx_word' id='word_1_158' title='bbox 870 1791 997 1862; x_wconf 83' lang='grc' dir='ltr'>ποιήσετε</span> <span class='ocrx_word' id='word_1_159' title='bbox 1016 1792 1113 1848; x_wconf 81' lang='grc' dir='ltr'>ταῦτα·</span> <span class='ocrx_word' id='word_1_160' title='bbox 1130 1790 1213 1864; x_wconf 81' lang='grc' dir='ltr'>ἡμεῖς</span> <span class='ocrx_word' id='word_1_161' title='bbox 1235 1787 1287 1863; x_wconf 87' lang='grc' dir='ltr'>μὲν</span> <span class='ocrx_word' id='word_1_162' title='bbox 1308 1789 1467 1863; x_wconf 76' lang='grc' dir='ltr'>πιεζόμενοι</span> 
     </span>
     <span class='ocr_line' id='line_1_16' title="bbox 68 1889 1467 1976; baseline 0.002 -25"><span class='ocrx_word' id='word_1_163' title='bbox 68 1896 86 1966; x_wconf 87' lang='grc' dir='ltr'>ή</span> <span class='ocrx_word' id='word_1_164' title='bbox 104 1892 269 1969; x_wconf 77' lang='grc' dir='ltr'>ἐκλείψομεν</span> <span class='ocrx_word' id='word_1_165' title='bbox 284 1892 332 1969; x_wconf 81' lang='grc' dir='ltr'>τήν</span> <span class='ocrx_word' id='word_1_166' title='bbox 347 1895 452 1973; x_wconf 86' lang='grc' dir='ltr'>χώρην,</span> <span class='ocrx_word' id='word_1_167' title='bbox 468 1895 485 1966; x_wconf 85' lang='grc' dir='ltr'>ή</span> <span class='ocrx_word' id='word_1_168' title='bbox 503 1894 631 1967; x_wconf 85' lang='grc' dir='ltr'>μένοντες</span> <span class='ocrx_word' id='word_1_169' title='bbox 646 1891 784 1976; x_wconf 75' lang='grc' dir='ltr'>ὁμολογίῃ</span> <span class='ocrx_word' id='word_1_170' title='bbox 799 1893 982 1974; x_wconf 78' lang='grc' dir='ltr'>χρησόμεθα),</span> <span class='ocrx_word' id='word_1_171' title='bbox 998 1890 1030 1954; x_wconf 93' lang='lat' dir='ltr'>V</span> <span class='ocrx_word' id='word_1_172' title='bbox 1043 1890 1085 1954; x_wconf 78' lang='grc'>92</span> <span class='ocrx_word' id='word_1_173' title='bbox 1096 1890 1163 1973; x_wconf 83' lang='lat' dir='ltr'>fin,</span> <span class='ocrx_word' id='word_1_174' title='bbox 1179 1889 1246 1954; x_wconf 90' lang='lat' dir='ltr'>VII</span> <span class='ocrx_word' id='word_1_175' title='bbox 1260 1889 1333 1972; x_wconf 88' lang='grc' dir='ltr'>1οβ,</span> <span class='ocrx_word' id='word_1_176' title='bbox 1349 1890 1467 1975; x_wconf 88' lang='lat' dir='ltr'>quibus</span> 
     </span>
     <span class='ocr_line' id='line_1_17' title="bbox 69 1993 1468 2080; baseline 0.001 -22"><span class='ocrx_word' id='word_1_177' title='bbox 69 2003 220 2080; x_wconf 89' lang='lat' dir='ltr'>quattuor</span> <span class='ocrx_word' id='word_1_178' title='bbox 231 1995 310 2058; x_wconf 92' lang='lat' dir='ltr'>locis</span> <span class='ocrx_word' id='word_1_179' title='bbox 322 1995 524 2058; x_wconf 91' lang='lat' dir='ltr'>enuntiatum</span> <span class='ocrx_word' id='word_1_180' title='bbox 540 1993 582 2058; x_wconf 86' lang='lat' dir='ltr'>ab</span> <span class='ocrx_word' id='word_1_181' title='bbox 599 1998 647 2057; x_wconf 81' lang='lat' dir='ltr'>ota</span> <span class='ocrx_word' id='word_1_182' title='bbox 659 1993 697 2056; x_wconf 79' lang='grc' dir='ltr'>ὧν</span> <span class='ocrx_word' id='word_1_183' title='bbox 712 1996 871 2080; x_wconf 90' lang='lat' dir='ltr'>incipiens</span> <span class='ocrx_word' id='word_1_184' title='bbox 886 1995 993 2059; x_wconf 92' lang='lat' dir='ltr'>locum</span> <span class='ocrx_word' id='word_1_185' title='bbox 1009 1995 1154 2060; x_wconf 89' lang='lat' dir='ltr'>obtinere</span> <span class='ocrx_word' id='word_1_186' title='bbox 1169 1994 1300 2058; x_wconf 90' lang='lat' dir='ltr'>videtur</span> <span class='ocrx_word' id='word_1_187' title='bbox 1311 1995 1468 2060; x_wconf 86' lang='lat' dir='ltr'>enuntiati</span> 
     </span>
     <span class='ocr_line' id='line_1_18' title="bbox 70 2098 1466 2185; baseline 0.001 -24"><span class='ocrx_word' id='word_1_188' title='bbox 70 2099 312 2180; x_wconf 85' lang='lat' dir='ltr'>condicionalis;</span> <span class='ocrx_word' id='word_1_189' title='bbox 329 2098 379 2162; x_wconf 89' lang='lat' dir='ltr'>III</span> <span class='ocrx_word' id='word_1_190' title='bbox 397 2098 457 2162; x_wconf 79' lang='lat'>137</span> <span class='ocrx_word' id='word_1_191' title='bbox 476 2098 571 2179; x_wconf 81' lang='grc' dir='ltr'>(ταῦτα</span> <span class='ocrx_word' id='word_1_192' title='bbox 586 2101 719 2179; x_wconf 88' lang='grc' dir='ltr'>λέγοντες</span> <span class='ocrx_word' id='word_1_193' title='bbox 733 2103 796 2174; x_wconf 75' lang='grc' dir='ltr'>τοὺς</span> <span class='ocrx_word' id='word_1_194' title='bbox 811 2104 1005 2181; x_wconf 82' lang='grc' dir='ltr'>Κροτωνιήτας</span> <span class='ocrx_word' id='word_1_195' title='bbox 1020 2104 1070 2163; x_wconf 76' lang='lat' dir='ltr'>oia</span> <span class='ocrx_word' id='word_1_196' title='bbox 1084 2099 1122 2161; x_wconf 86' lang='grc' dir='ltr'>ὦν</span> <span class='ocrx_word' id='word_1_197' title='bbox 1138 2100 1257 2183; x_wconf 84' lang='grc' dir='ltr'>ἔπειθον)</span> <span class='ocrx_word' id='word_1_198' title='bbox 1270 2108 1303 2163; x_wconf 90' lang='lat' dir='ltr'>et</span> <span class='ocrx_word' id='word_1_199' title='bbox 1316 2099 1378 2164; x_wconf 86' lang='lat'>138</span> <span class='ocrx_word' id='word_1_200' title='bbox 1391 2101 1466 2185; x_wconf 84' lang='grc' dir='ltr'>(πει-</span> 
     </span>
     <span class='ocr_line' id='line_1_19' title="bbox 68 2201 1468 2291; baseline 0.003 -25"><span class='ocrx_word' id='word_1_201' title='bbox 68 2208 178 2281; x_wconf 76' lang='grc' dir='ltr'>θόμενοι</span> <span class='ocrx_word' id='word_1_202' title='bbox 194 2205 225 2265; x_wconf 79' lang='grc' dir='ltr'>δὲ</span> <span class='ocrx_word' id='word_1_203' title='bbox 240 2205 347 2286; x_wconf 83' lang='grc' dir='ltr'>Δαρείῳ</span> <span class='ocrx_word' id='word_1_204' title='bbox 363 2201 468 2265; x_wconf 76' lang='grc' dir='ltr'>Κνίδιοι</span> <span class='ocrx_word' id='word_1_205' title='bbox 483 2205 665 2285; x_wconf 88' lang='grc' dir='ltr'>Ταραντίνους</span> <span class='ocrx_word' id='word_1_206' title='bbox 681 2209 729 2267; x_wconf 75' lang='lat' dir='ltr'>ota</span> <span class='ocrx_word' id='word_1_207' title='bbox 743 2203 781 2266; x_wconf 81' lang='grc' dir='ltr'>ὢν</span> <span class='ocrx_word' id='word_1_208' title='bbox 798 2204 917 2289; x_wconf 87' lang='grc' dir='ltr'>ἔπειθον)</span> <span class='ocrx_word' id='word_1_209' title='bbox 933 2213 1006 2291; x_wconf 91' lang='lat' dir='ltr'>post</span> <span class='ocrx_word' id='word_1_210' title='bbox 1018 2206 1226 2290; x_wconf 87' lang='lat' dir='ltr'>participium</span> <span class='ocrx_word' id='word_1_211' title='bbox 1242 2206 1468 2270; x_wconf 89' lang='lat' dir='ltr'>concessivum</span> 
     </span>
     <span class='ocr_line' id='line_1_20' title="bbox 71 2307 1467 2394; baseline 0.002 -23"><span class='ocrx_word' id='word_1_212' title='bbox 71 2307 263 2391; x_wconf 84' lang='lat' dir='ltr'>significatio</span> <span class='ocrx_word' id='word_1_213' title='bbox 278 2307 458 2394; x_wconf 88' lang='lat' dir='ltr'>particulae</span> <span class='ocrx_word' id='word_1_214' title='bbox 475 2310 663 2373; x_wconf 89' lang='lat' dir='ltr'>concessiva</span> <span class='ocrx_word' id='word_1_215' title='bbox 680 2310 938 2391; x_wconf 62' lang='grc' dir='ltr'>τεταπείνωται,</span> <span class='ocrx_word' id='word_1_216' title='bbox 965 2308 1144 2394; x_wconf 89' lang='lat' dir='ltr'>eodemque</span> <span class='ocrx_word' id='word_1_217' title='bbox 1161 2308 1255 2374; x_wconf 89' lang='lat' dir='ltr'>modo</span> <span class='ocrx_word' id='word_1_218' title='bbox 1272 2311 1467 2394; x_wconf 88' lang='lat' dir='ltr'>interpretor</span> 
     </span>
     <span class='ocr_line' id='line_1_21' title="bbox 68 2412 1468 2498; baseline 0.003 -23"><span class='ocrx_word' id='word_1_219' title='bbox 68 2413 155 2477; x_wconf 78' lang='lat'>1120</span> <span class='ocrx_word' id='word_1_220' title='bbox 170 2416 309 2487; x_wconf 82' lang='grc' dir='ltr'>πολλάκις</span> <span class='ocrx_word' id='word_1_221' title='bbox 325 2415 356 2475; x_wconf 83' lang='grc' dir='ltr'>δὲ</span> <span class='ocrx_word' id='word_1_222' title='bbox 372 2415 475 2490; x_wconf 83' lang='grc' dir='ltr'>ἐτησίαι</span> <span class='ocrx_word' id='word_1_223' title='bbox 492 2415 542 2491; x_wconf 81' lang='grc' dir='ltr'>μὲν</span> <span class='ocrx_word' id='word_1_224' title='bbox 559 2417 608 2476; x_wconf 86' lang='grc' dir='ltr'>οθκ</span> <span class='ocrx_word' id='word_1_225' title='bbox 623 2413 660 2476; x_wconf 82' lang='grc' dir='ltr'>ὧν</span> <span class='ocrx_word' id='word_1_226' title='bbox 677 2417 818 2496; x_wconf 74' lang='grc' dir='ltr'>ἔπνευσαν,</span> <span class='ocrx_word' id='word_1_227' title='bbox 834 2419 849 2475; x_wconf 79' lang='grc' dir='ltr'><strong>ὁ</strong></span> <span class='ocrx_word' id='word_1_228' title='bbox 862 2417 893 2476; x_wconf 83' lang='grc' dir='ltr'>δὲ</span> <span class='ocrx_word' id='word_1_229' title='bbox 905 2416 1009 2489; x_wconf 83' lang='grc' dir='ltr'>Νεῖλος</span> <span class='ocrx_word' id='word_1_230' title='bbox 1020 2417 1105 2476; x_wconf 72' lang='grc' dir='ltr'>τώυτὸ</span> <span class='ocrx_word' id='word_1_231' title='bbox 1119 2417 1277 2496; x_wconf 74' lang='grc' dir='ltr'>ἐργάζεταιτ</span> <span class='ocrx_word' id='word_1_232' title='bbox 1293 2412 1370 2477; x_wconf 85' lang='lat' dir='ltr'>inde</span> <span class='ocrx_word' id='word_1_233' title='bbox 1381 2413 1468 2498; x_wconf 89' lang='lat' dir='ltr'>quod</span> 
     </span>
     <span class='ocr_line' id='line_1_22' title="bbox 69 2516 1467 2605; baseline 0.001 -24"><span class='ocrx_word' id='word_1_234' title='bbox 69 2520 185 2582; x_wconf 88' lang='lat' dir='ltr'>ctesias</span> <span class='ocrx_word' id='word_1_235' title='bbox 206 2517 346 2598; x_wconf 81' lang='lat' dir='ltr'>efficere,</span> <span class='ocrx_word' id='word_1_236' title='bbox 368 2527 405 2582; x_wconf 93' lang='lat' dir='ltr'>ut</span> <span class='ocrx_word' id='word_1_237' title='bbox 419 2516 485 2582; x_wconf 91' lang='lat' dir='ltr'>Nili</span> <span class='ocrx_word' id='word_1_238' title='bbox 501 2540 606 2605; x_wconf 89' lang='lat' dir='ltr'>aquae</span> <span class='ocrx_word' id='word_1_239' title='bbox 626 2527 818 2603; x_wconf 86' lang='lat' dir='ltr'>augeantur,</span> <span class='ocrx_word' id='word_1_240' title='bbox 839 2518 970 2603; x_wconf 91' lang='lat' dir='ltr'>quidam</span> <span class='ocrx_word' id='word_1_241' title='bbox 993 2517 1202 2601; x_wconf 92' lang='lat' dir='ltr'>contendunt,</span> <span class='ocrx_word' id='word_1_242' title='bbox 1218 2517 1404 2583; x_wconf 87' lang='lat' dir='ltr'>Herodotus</span> <span class='ocrx_word' id='word_1_243' title='bbox 1419 2541 1467 2582; x_wconf 90' lang='lat' dir='ltr'>ra-</span> 
     </span>
     <span class='ocr_line' id='line_1_23' title="bbox 69 2621 1468 2707; baseline 0 -21"><span class='ocrx_word' id='word_1_244' title='bbox 69 2624 189 2686; x_wconf 91' lang='lat' dir='ltr'>tionem</span> <span class='ocrx_word' id='word_1_245' title='bbox 210 2623 443 2687; x_wconf 89' lang='lat' dir='ltr'>sententiarum</span> <span class='ocrx_word' id='word_1_246' title='bbox 463 2625 629 2686; x_wconf 82' lang='lat' dir='ltr'>invertens</span> <span class='ocrx_word' id='word_1_247' title='bbox 649 2621 779 2707; x_wconf 83' lang='lat' dir='ltr'>colligit,</span> <span class='ocrx_word' id='word_1_248' title='bbox 802 2624 829 2686; x_wconf 87' lang='lat' dir='ltr'>si</span> <span class='ocrx_word' id='word_1_249' title='bbox 844 2623 938 2687; x_wconf 87' lang='lat' dir='ltr'>Nilus</span> <span class='ocrx_word' id='word_1_250' title='bbox 959 2632 1094 2706; x_wconf 90' lang='lat' dir='ltr'>crescat,</span> <span class='ocrx_word' id='word_1_251' title='bbox 1115 2645 1249 2688; x_wconf 89' lang='lat' dir='ltr'>necesse</span> <span class='ocrx_word' id='word_1_252' title='bbox 1265 2645 1336 2686; x_wconf 89' lang='lat' dir='ltr'>esse</span> <span class='ocrx_word' id='word_1_253' title='bbox 1352 2624 1468 2687; x_wconf 88' lang='lat' dir='ltr'>etesias</span> 
     </span>
     <span class='ocr_line' id='line_1_24' title="bbox 69 2726 1467 2814; baseline 0 -24"><span class='ocrx_word' id='word_1_254' title='bbox 69 2727 161 2808; x_wconf 83' lang='lat' dir='ltr'>flare3</span> <span class='ocrx_word' id='word_1_255' title='bbox 178 2734 275 2813; x_wconf 88' lang='lat' dir='ltr'>atque</span> <span class='ocrx_word' id='word_1_256' title='bbox 290 2736 327 2790; x_wconf 93' lang='lat' dir='ltr'>ut</span> <span class='ocrx_word' id='word_1_257' title='bbox 341 2726 426 2791; x_wconf 89' lang='lat' dir='ltr'>hanc</span> <span class='ocrx_word' id='word_1_258' title='bbox 439 2729 622 2814; x_wconf 89' lang='lat' dir='ltr'>opinionem</span> <span class='ocrx_word' id='word_1_259' title='bbox 638 2750 696 2792; x_wconf 91' lang='lat' dir='ltr'>suo</span> <span class='ocrx_word' id='word_1_260' title='bbox 711 2727 830 2792; x_wconf 90' lang='lat' dir='ltr'>iudicio</span> <span class='ocrx_word' id='word_1_261' title='bbox 845 2727 961 2794; x_wconf 83' lang='lat' dir='ltr'>falsam</span> <span class='ocrx_word' id='word_1_262' title='bbox 973 2727 1108 2812; x_wconf 84' lang='lat' dir='ltr'>refellat,</span> <span class='ocrx_word' id='word_1_263' title='bbox 1125 2727 1219 2792; x_wconf 88' lang='lat' dir='ltr'>nobis</span> <span class='ocrx_word' id='word_1_264' title='bbox 1233 2736 1346 2792; x_wconf 87' lang='lat' dir='ltr'>narrat</span> <span class='ocrx_word' id='word_1_265' title='bbox 1360 2749 1467 2813; x_wconf 89' lang='lat' dir='ltr'>saepe,</span> 
     </span>
     <span class='ocr_line' id='line_1_25' title="bbox 70 2830 1466 2915; baseline -0.001 -20"><span class='ocrx_word' id='word_1_266' title='bbox 70 2832 195 2895; x_wconf 88' lang='lat' dir='ltr'>etiamsi</span> <span class='ocrx_word' id='word_1_267' title='bbox 222 2830 316 2896; x_wconf 86' lang='lat' dir='ltr'>Nilus</span> <span class='ocrx_word' id='word_1_268' title='bbox 344 2841 482 2915; x_wconf 89' lang='lat' dir='ltr'>crescat,</span> <span class='ocrx_word' id='word_1_269' title='bbox 507 2842 616 2897; x_wconf 90' lang='lat' dir='ltr'>tamen</span> <span class='ocrx_word' id='word_1_270' title='bbox 643 2856 708 2897; x_wconf 92' lang='lat' dir='ltr'>non</span> <span class='ocrx_word' id='word_1_271' title='bbox 732 2833 812 2897; x_wconf 88' lang='lat' dir='ltr'>flare</span> <span class='ocrx_word' id='word_1_272' title='bbox 841 2835 967 2898; x_wconf 90' lang='lat' dir='ltr'>etesias.</span> <span class='ocrx_word' id='word_1_273' title='bbox 1003 2834 1162 2897; x_wconf 90' lang='lat' dir='ltr'>sententia</span> <span class='ocrx_word' id='word_1_274' title='bbox 1189 2831 1244 2896; x_wconf 90' lang='lat' dir='ltr'>illa</span> <span class='ocrx_word' id='word_1_275' title='bbox 1268 2833 1466 2908; x_wconf 88' lang='lat' dir='ltr'>concessiva,</span> 
     </span>
     <span class='ocr_line' id='line_1_26' title="bbox 70 2936 1467 3023; baseline -0.002 -23"><span class='ocrx_word' id='word_1_276' title='bbox 70 2958 268 3022; x_wconf 88' lang='lat' dir='ltr'>quamquam</span> <span class='ocrx_word' id='word_1_277' title='bbox 287 2939 321 3001; x_wconf 90' lang='lat' dir='ltr'>in</span> <span class='ocrx_word' id='word_1_278' title='bbox 340 2937 441 3001; x_wconf 88' lang='lat' dir='ltr'>altero</span> <span class='ocrx_word' id='word_1_279' title='bbox 463 2936 593 3002; x_wconf 90' lang='lat' dir='ltr'>demum</span> <span class='ocrx_word' id='word_1_280' title='bbox 609 2936 755 3001; x_wconf 92' lang='lat' dir='ltr'>membro</span> <span class='ocrx_word' id='word_1_281' title='bbox 771 2936 881 3001; x_wconf 87' lang='lat' dir='ltr'>verbis</span> <span class='ocrx_word' id='word_1_282' title='bbox 897 2939 1090 3022; x_wconf 85' lang='lat' dir='ltr'>exprimitur</span> <span class='ocrx_word' id='word_1_283' title='bbox 1105 2937 1135 3023; x_wconf 79' lang='grc' dir='ltr'>(ὁ</span> <span class='ocrx_word' id='word_1_284' title='bbox 1151 2940 1182 2998; x_wconf 85' lang='grc' dir='ltr'>δὲ</span> <span class='ocrx_word' id='word_1_285' title='bbox 1197 2938 1302 3010; x_wconf 81' lang='grc' dir='ltr'>Νεῖλος</span> <span class='ocrx_word' id='word_1_286' title='bbox 1317 2939 1401 2999; x_wconf 74' lang='grc' dir='ltr'>τώυτὸ</span> <span class='ocrx_word' id='word_1_287' title='bbox 1417 2939 1467 3016; x_wconf 86' lang='grc' dir='ltr'>ἐρ-</span> 
     </span>
     <span class='ocr_line' id='line_1_27' title="bbox 72 3039 1467 3127; baseline 0.001 -26"><span class='ocrx_word' id='word_1_288' title='bbox 72 3042 209 3126; x_wconf 84' lang='grc' dir='ltr'>γάζεται),</span> <span class='ocrx_word' id='word_1_289' title='bbox 225 3049 334 3106; x_wconf 90' lang='lat' dir='ltr'>tamen</span> <span class='ocrx_word' id='word_1_290' title='bbox 348 3043 413 3106; x_wconf 90' lang='lat' dir='ltr'>iam</span> <span class='ocrx_word' id='word_1_291' title='bbox 427 3045 461 3107; x_wconf 93' lang='lat' dir='ltr'>in</span> <span class='ocrx_word' id='word_1_292' title='bbox 476 3044 583 3127; x_wconf 89' lang='lat' dir='ltr'>priore</span> <span class='ocrx_word' id='word_1_293' title='bbox 599 3039 747 3116; x_wconf 91' lang='lat' dir='ltr'>membro</span> <span class='ocrx_word' id='word_1_294' title='bbox 758 3040 929 3105; x_wconf 90' lang='lat' dir='ltr'>scribendo</span> <span class='ocrx_word' id='word_1_295' title='bbox 945 3043 1051 3106; x_wconf 91' lang='lat' dir='ltr'>animo</span> <span class='ocrx_word' id='word_1_296' title='bbox 1067 3042 1137 3104; x_wconf 90' lang='lat' dir='ltr'>eius</span> <span class='ocrx_word' id='word_1_297' title='bbox 1153 3040 1327 3106; x_wconf 88' lang='lat' dir='ltr'>obversata</span> <span class='ocrx_word' id='word_1_298' title='bbox 1342 3049 1400 3125; x_wconf 88' lang='lat' dir='ltr'>est,</span> <span class='ocrx_word' id='word_1_299' title='bbox 1417 3062 1467 3104; x_wconf 89' lang='lat' dir='ltr'>ea-</span> 
     </span>
     <span class='ocr_line' id='line_1_28' title="bbox 71 3145 1468 3231; baseline 0 -23"><span class='ocrx_word' id='word_1_300' title='bbox 71 3168 134 3230; x_wconf 88' lang='lat' dir='ltr'>que</span> <span class='ocrx_word' id='word_1_301' title='bbox 150 3145 191 3209; x_wconf 91' lang='lat' dir='ltr'>de</span> <span class='ocrx_word' id='word_1_302' title='bbox 209 3169 308 3210; x_wconf 89' lang='lat' dir='ltr'>causa</span> <span class='ocrx_word' id='word_1_303' title='bbox 329 3147 457 3231; x_wconf 85' lang='lat' dir='ltr'>scripsit</span> <span class='ocrx_word' id='word_1_304' title='bbox 473 3149 521 3210; x_wconf 77' lang='grc' dir='ltr'>ουκ</span> <span class='ocrx_word' id='word_1_305' title='bbox 537 3146 574 3208; x_wconf 84' lang='grc' dir='ltr'>ὧν</span> <span class='ocrx_word' id='word_1_306' title='bbox 589 3149 726 3208; x_wconf 83' lang='grc' dir='ltr'>ἔπνευσαν.</span> <span class='ocrx_word' id='word_1_307' title='bbox 751 3145 956 3212; x_wconf 88' lang='lat' dir='ltr'>haecomnia</span> <span class='ocrx_word' id='word_1_308' title='bbox 972 3145 1130 3210; x_wconf 88' lang='lat' dir='ltr'>Herodoti</span> <span class='ocrx_word' id='word_1_309' title='bbox 1146 3145 1296 3230; x_wconf 86' lang='lat' dir='ltr'>exempla</span> <span class='ocrx_word' id='word_1_310' title='bbox 1312 3154 1396 3226; x_wconf 89' lang='lat' dir='ltr'>sunt,</span> <span class='ocrx_word' id='word_1_311' title='bbox 1413 3146 1468 3230; x_wconf 90' lang='lat' dir='ltr'>qui</span> 
     </span>
     <span class='ocr_line' id='line_1_29' title="bbox 69 3250 1468 3336; baseline -0.001 -22"><span class='ocrx_word' id='word_1_312' title='bbox 69 3252 210 3314; x_wconf 92' lang='lat' dir='ltr'>omnium</span> <span class='ocrx_word' id='word_1_313' title='bbox 225 3253 367 3315; x_wconf 86' lang='lat' dir='ltr'>maxime</span> <span class='ocrx_word' id='word_1_314' title='bbox 388 3250 474 3315; x_wconf 91' lang='lat' dir='ltr'>hunc</span> <span class='ocrx_word' id='word_1_315' title='bbox 490 3273 584 3315; x_wconf 92' lang='lat' dir='ltr'>usum</span> <span class='ocrx_word' id='word_1_316' title='bbox 600 3251 820 3336; x_wconf 81' lang='lat' dir='ltr'>frequentavit</span> <span class='ocrx_word' id='word_1_317' title='bbox 835 3259 934 3336; x_wconf 90' lang='lat' dir='ltr'>atque</span> <span class='ocrx_word' id='word_1_318' title='bbox 949 3250 992 3314; x_wconf 86' lang='lat' dir='ltr'>ad</span> <span class='ocrx_word' id='word_1_319' title='bbox 1005 3271 1097 3313; x_wconf 89' lang='lat' dir='ltr'>suam</span> <span class='ocrx_word' id='word_1_320' title='bbox 1111 3251 1181 3334; x_wconf 90' lang='lat' dir='ltr'>ipse</span> <span class='ocrx_word' id='word_1_321' title='bbox 1197 3258 1357 3332; x_wconf 88' lang='lat' dir='ltr'>naturam,</span> <span class='ocrx_word' id='word_1_322' title='bbox 1372 3257 1409 3312; x_wconf 94' lang='lat' dir='ltr'>ut</span> <span class='ocrx_word' id='word_1_323' title='bbox 1422 3251 1468 3313; x_wconf 87' lang='lat' dir='ltr'>ita</span> 
     </span>
     <span class='ocr_line' id='line_1_30' title="bbox 70 3354 340 3436; baseline 0.004 -19"><span class='ocrx_word' id='word_1_324' title='bbox 70 3354 187 3436; x_wconf 90' lang='lat' dir='ltr'>dicam,</span> <span class='ocrx_word' id='word_1_325' title='bbox 204 3355 340 3418; x_wconf 89' lang='lat' dir='ltr'>derexit.</span> 
     </span>
    </p>

    <p class='ocr_par' dir='ltr' id='par_1_6' title="bbox 68 3457 1468 4069">
     <span class='ocr_line' id='line_1_31' title="bbox 173 3457 1468 3546; baseline 0.001 -24"><span class='ocrx_word' id='word_1_326' title='bbox 173 3458 291 3525; x_wconf 83' lang='lat' dir='ltr'>Similis</span> <span class='ocrx_word' id='word_1_327' title='bbox 314 3483 392 3524; x_wconf 89' lang='lat' dir='ltr'>usus</span> <span class='ocrx_word' id='word_1_328' title='bbox 416 3460 615 3546; x_wconf 86' lang='lat' dir='ltr'>conspicitur</span> <span class='ocrx_word' id='word_1_329' title='bbox 630 3459 734 3523; x_wconf 84' lang='lat' dir='ltr'>Thuc.</span> <span class='ocrx_word' id='word_1_330' title='bbox 751 3458 786 3522; x_wconf 92' lang='lat' dir='ltr'>II</span> <span class='ocrx_word' id='word_1_331' title='bbox 801 3458 860 3541; x_wconf 87' lang='grc'>43,</span> <span class='ocrx_word' id='word_1_332' title='bbox 880 3459 912 3541; x_wconf 87' lang='grc'>1,</span> <span class='ocrx_word' id='word_1_333' title='bbox 934 3457 991 3522; x_wconf 92' lang='lat' dir='ltr'>ubi</span> <span class='ocrx_word' id='word_1_334' title='bbox 1014 3460 1216 3523; x_wconf 89' lang='lat' dir='ltr'>enuntiatum</span> <span class='ocrx_word' id='word_1_335' title='bbox 1243 3459 1468 3523; x_wconf 88' lang='lat' dir='ltr'>concessivum</span> 
     </span>
     <span class='ocr_line' id='line_1_32' title="bbox 68 3560 1468 3649; baseline 0.001 -24"><span class='ocrx_word' id='word_1_336' title='bbox 68 3563 241 3628; x_wconf 84' lang='lat' dir='ltr'>antecedit.</span> <span class='ocrx_word' id='word_1_337' title='bbox 271 3562 388 3626; x_wconf 91' lang='lat' dir='ltr'>deinde</span> <span class='ocrx_word' id='word_1_338' title='bbox 404 3565 437 3627; x_wconf 90' lang='lat' dir='ltr'>in</span> <span class='ocrx_word' id='word_1_339' title='bbox 453 3564 540 3628; x_wconf 91' lang='lat' dir='ltr'>hunc</span> <span class='ocrx_word' id='word_1_340' title='bbox 555 3586 726 3628; x_wconf 92' lang='lat' dir='ltr'>numerum</span> <span class='ocrx_word' id='word_1_341' title='bbox 741 3562 893 3627; x_wconf 86' lang='lat' dir='ltr'>adscribo</span> <span class='ocrx_word' id='word_1_342' title='bbox 909 3561 997 3627; x_wconf 87' lang='lat' dir='ltr'>And.</span> <span class='ocrx_word' id='word_1_343' title='bbox 1010 3562 1081 3626; x_wconf 84' lang='lat'>140</span> <span class='ocrx_word' id='word_1_344' title='bbox 1097 3570 1128 3626; x_wconf 94' lang='lat' dir='ltr'>et</span> <span class='ocrx_word' id='word_1_345' title='bbox 1144 3560 1232 3649; x_wconf 86' lang='lat'>[1111]</span> <span class='ocrx_word' id='word_1_346' title='bbox 1249 3562 1301 3646; x_wconf 80' lang='lat'>37,</span> <span class='ocrx_word' id='word_1_347' title='bbox 1318 3583 1381 3647; x_wconf 93' lang='lat' dir='ltr'>quo</span> <span class='ocrx_word' id='word_1_348' title='bbox 1397 3561 1468 3627; x_wconf 94' lang='lat' dir='ltr'>loco</span> 
     </span>
     <span class='ocr_line' id='line_1_33' title="bbox 69 3666 1468 3753; baseline -0.003 -21"><span class='ocrx_word' id='word_1_349' title='bbox 69 3670 263 3752; x_wconf 88' lang='lat' dir='ltr'>scripturam</span> <span class='ocrx_word' id='word_1_350' title='bbox 279 3668 432 3733; x_wconf 86' lang='lat' dir='ltr'>traditam</span> <span class='ocrx_word' id='word_1_351' title='bbox 449 3671 495 3732; x_wconf 89' lang='lat' dir='ltr'>sio</span> <span class='ocrx_word' id='word_1_352' title='bbox 511 3668 676 3753; x_wconf 86' lang='lat' dir='ltr'>intellego:</span> <span class='ocrx_word' id='word_1_353' title='bbox 694 3667 815 3732; x_wconf 78' lang='lat' dir='ltr'>etiarnsi</span> <span class='ocrx_word' id='word_1_354' title='bbox 830 3668 890 3731; x_wconf 82' lang='lat' dir='ltr'>alii</span> <span class='ocrx_word' id='word_1_355' title='bbox 903 3669 978 3731; x_wconf 77' lang='lat' dir='ltr'>mut</span> <span class='ocrx_word' id='word_1_356' title='bbox 989 3668 1050 3730; x_wconf 80' lang='lat' dir='ltr'>ista</span> <span class='ocrx_word' id='word_1_357' title='bbox 1063 3666 1278 3752; x_wconf 81' lang='lat' dir='ltr'>obloquantur,</span> <span class='ocrx_word' id='word_1_358' title='bbox 1291 3676 1393 3730; x_wconf 84' lang='lat' dir='ltr'>tamea</span> <span class='ocrx_word' id='word_1_359' title='bbox 1404 3689 1468 3729; x_wconf 82' lang='lat' dir='ltr'>non</span> 
     </span>
     <span class='ocr_line' id='line_1_34' title="bbox 68 3771 1466 3860; baseline -0.001 -25"><span class='ocrx_word' id='word_1_360' title='bbox 68 3783 110 3836; x_wconf 83' lang='lat' dir='ltr'>cst</span> <span class='ocrx_word' id='word_1_361' title='bbox 125 3771 238 3834; x_wconf 80' lang='lat' dir='ltr'>iustum</span> <span class='ocrx_word' id='word_1_362' title='bbox 258 3773 393 3836; x_wconf 78' lang='lat' dir='ltr'>homines</span> <span class='ocrx_word' id='word_1_363' title='bbox 412 3773 562 3859; x_wconf 72' lang='lat' dir='ltr'>capellare</span> <span class='ocrx_word' id='word_1_364' title='bbox 567 3823 576 3852; x_wconf 95' lang='lat'>,</span> <span class='ocrx_word' id='word_1_365' title='bbox 598 3775 652 3858; x_wconf 82' lang='lat' dir='ltr'>qui</span> <span class='ocrx_word' id='word_1_366' title='bbox 671 3773 721 3860; x_wconf 89' lang='lat' dir='ltr'>(ut</span> <span class='ocrx_word' id='word_1_367' title='bbox 742 3772 817 3858; x_wconf 83' lang='lat' dir='ltr'>ego)</span> <span class='ocrx_word' id='word_1_368' title='bbox 833 3795 922 3857; x_wconf 81' lang='lat' dir='ltr'>saepe</span> <span class='ocrx_word' id='word_1_369' title='bbox 941 3773 1006 3835; x_wconf 83' lang='lat' dir='ltr'>ium</span> <span class='ocrx_word' id='word_1_370' title='bbox 1026 3795 1048 3834; x_wconf 86' lang='lat' dir='ltr'>a</span> <span class='ocrx_word' id='word_1_371' title='bbox 1067 3771 1225 3834; x_wconf 74' lang='lat' dir='ltr'>iudicibus</span> <span class='ocrx_word' id='word_1_372' title='bbox 1244 3771 1369 3834; x_wconf 80' lang='lat' dir='ltr'>liberati</span> <span class='ocrx_word' id='word_1_373' title='bbox 1387 3781 1466 3835; x_wconf 78' lang='lat' dir='ltr'>aaut.</span> 
     </span>
     <span class='ocr_line' id='line_1_35' title="bbox 69 3876 1467 3964; baseline -0.003 -22"><span class='ocrx_word' id='word_1_374' title='bbox 69 3878 157 3962; x_wconf 91' lang='lat' dir='ltr'>apud</span> <span class='ocrx_word' id='word_1_375' title='bbox 174 3877 344 3942; x_wconf 91' lang='lat' dir='ltr'>Platonem</span> <span class='ocrx_word' id='word_1_376' title='bbox 363 3888 473 3942; x_wconf 91' lang='lat' dir='ltr'>autem</span> <span class='ocrx_word' id='word_1_377' title='bbox 493 3879 543 3942; x_wconf 89' lang='lat' dir='ltr'>his</span> <span class='ocrx_word' id='word_1_378' title='bbox 559 3879 638 3943; x_wconf 92' lang='lat' dir='ltr'>locis</span> <span class='ocrx_word' id='word_1_379' title='bbox 660 3880 849 3942; x_wconf 86' lang='lat' dir='ltr'>concessiva</span> <span class='ocrx_word' id='word_1_380' title='bbox 868 3881 918 3941; x_wconf 90' lang='lat' dir='ltr'>vis</span> <span class='ocrx_word' id='word_1_381' title='bbox 938 3877 1116 3964; x_wconf 89' lang='lat' dir='ltr'>particulae</span> <span class='ocrx_word' id='word_1_382' title='bbox 1138 3876 1232 3939; x_wconf 77' lang='grc' dir='ltr'>οὔκουν</span> <span class='ocrx_word' id='word_1_383' title='bbox 1249 3878 1467 3960; x_wconf 87' lang='lat' dir='ltr'>cognoscitur:</span> 
     </span>
     <span class='ocr_line' id='line_1_36' title="bbox 69 3980 1155 4069; baseline 0 -24"><span class='ocrx_word' id='word_1_384' title='bbox 69 3982 110 4045; x_wconf 89' lang='lat' dir='ltr'>de</span> <span class='ocrx_word' id='word_1_385' title='bbox 126 3982 210 4065; x_wconf 88' lang='lat' dir='ltr'>legg.</span> <span class='ocrx_word' id='word_1_386' title='bbox 227 3983 294 4046; x_wconf 89' lang='lat' dir='ltr'>VH</span> <span class='ocrx_word' id='word_1_387' title='bbox 309 3982 409 4065; x_wconf 70' lang='lat' dir='ltr'>stoa,</span> <span class='ocrx_word' id='word_1_388' title='bbox 422 3983 518 4068; x_wconf 85' lang='lat' dir='ltr'>Epin.</span> <span class='ocrx_word' id='word_1_389' title='bbox 533 3983 633 4065; x_wconf 69' lang='lat' dir='ltr'>utre,</span> <span class='ocrx_word' id='word_1_390' title='bbox 650 4005 712 4069; x_wconf 93' lang='lat' dir='ltr'>quo</span> <span class='ocrx_word' id='word_1_391' title='bbox 729 3993 865 4067; x_wconf 92' lang='lat' dir='ltr'>utroque</span> <span class='ocrx_word' id='word_1_392' title='bbox 880 3983 951 4047; x_wconf 91' lang='lat' dir='ltr'>loco</span> <span class='ocrx_word' id='word_1_393' title='bbox 966 3985 1000 4063; x_wconf 86' lang='grc' dir='ltr'>γὲ</span> <span class='ocrx_word' id='word_1_394' title='bbox 1016 3980 1155 4046; x_wconf 87' lang='lat' dir='ltr'>additur.</span> 
     </span>
    </p>

    <p class='ocr_par' dir='ltr' id='par_1_7' title="bbox 67 4083 1468 4279">
     <span class='ocr_line' id='line_1_37' title="bbox 173 4083 1468 4173; baseline -0.003 -22"><span class='ocrx_word' id='word_1_395' title='bbox 173 4085 364 4151; x_wconf 78' lang='lat' dir='ltr'>Continetur</span> <span class='ocrx_word' id='word_1_396' title='bbox 386 4089 485 4172; x_wconf 87' lang='lat' dir='ltr'>igitur</span> <span class='ocrx_word' id='word_1_397' title='bbox 508 4088 561 4152; x_wconf 89' lang='lat' dir='ltr'>hic</span> <span class='ocrx_word' id='word_1_398' title='bbox 584 4089 728 4156; x_wconf 81' lang='lat' dir='ltr'>nauseis</span> <span class='ocrx_word' id='word_1_399' title='bbox 752 4088 895 4173; x_wconf 89' lang='lat' dir='ltr'>scriptis,</span> <span class='ocrx_word' id='word_1_400' title='bbox 921 4108 1004 4171; x_wconf 89' lang='lat' dir='ltr'>quae</span> <span class='ocrx_word' id='word_1_401' title='bbox 1028 4084 1070 4150; x_wconf 89' lang='lat' dir='ltr'>ad</span> <span class='ocrx_word' id='word_1_402' title='bbox 1094 4108 1275 4150; x_wconf 88' lang='lat' dir='ltr'>sermonem</span> <span class='ocrx_word' id='word_1_403' title='bbox 1299 4083 1468 4168; x_wconf 89' lang='lat' dir='ltr'>vulgarem</span> 
     </span>
     <span class='ocr_line' id='line_1_38' title="bbox 67 4191 387 4279; baseline 0 -23"><span class='ocrx_word' id='word_1_404' title='bbox 67 4193 201 4279; x_wconf 89' lang='lat' dir='ltr'>propius</span> <span class='ocrx_word' id='word_1_405' title='bbox 217 4191 387 4257; x_wconf 90' lang='lat' dir='ltr'>accedunt.</span> 
     </span>
    </p>
   </div>
   <div class='ocr_carea' id='block_1_5' title="bbox 726 4278 803 4344">
    <p class='ocr_par' dir='ltr' id='par_1_8' title="bbox 726 4278 803 4344">
     <span class='ocr_line' id='line_1_39' title="bbox 726 4278 803 4344; baseline 0.026 -2"><span class='ocrx_word' id='word_1_406' title='bbox 726 4278 803 4344; x_wconf 95' lang='grc' dir='ltr'>ΠΙΙ.</span> 
     </span>
    </p>
   </div>
   <div class='ocr_carea' id='block_1_6' title="bbox 67 4407 1470 4707">
    <p class='ocr_par' dir='ltr' id='par_1_9' title="bbox 67 4407 1470 4707">
     <span class='ocr_line' id='line_1_40' title="bbox 173 4407 1470 4497; baseline -0.003 -24"><span class='ocrx_word' id='word_1_407' title='bbox 173 4411 322 4496; x_wconf 90' lang='lat' dir='ltr'>Denique</span> <span class='ocrx_word' id='word_1_408' title='bbox 344 4432 551 4494; x_wconf 84' lang='lat' dir='ltr'>quaeramus,</span> <span class='ocrx_word' id='word_1_409' title='bbox 576 4433 686 4497; x_wconf 91' lang='lat' dir='ltr'>quem</span> <span class='ocrx_word' id='word_1_410' title='bbox 708 4410 833 4474; x_wconf 91' lang='lat' dir='ltr'>locum</span> <span class='ocrx_word' id='word_1_411' title='bbox 861 4410 914 4471; x_wconf 80' lang='grc' dir='ltr'>οὖν</span> <span class='ocrx_word' id='word_1_412' title='bbox 943 4430 1134 4493; x_wconf 91' lang='lat' dir='ltr'>occupare</span> <span class='ocrx_word' id='word_1_413' title='bbox 1162 4407 1294 4473; x_wconf 88' lang='lat' dir='ltr'>soleat.</span> <span class='ocrx_word' id='word_1_414' title='bbox 1325 4407 1359 4470; x_wconf 94' lang='lat' dir='ltr'>id</span> <span class='ocrx_word' id='word_1_415' title='bbox 1382 4409 1470 4470; x_wconf 91' lang='lat' dir='ltr'>enim</span> 
     </span>
     <span class='ocr_line' id='line_1_41' title="bbox 67 4511 1470 4602; baseline -0.002 -24"><span class='ocrx_word' id='word_1_416' title='bbox 67 4523 193 4578; x_wconf 85' lang='lat' dir='ltr'>tanturn</span> <span class='ocrx_word' id='word_1_417' title='bbox 209 4517 292 4578; x_wconf 84' lang='lat' dir='ltr'>inter</span> <span class='ocrx_word' id='word_1_418' title='bbox 310 4538 419 4578; x_wconf 91' lang='lat' dir='ltr'>omnes</span> <span class='ocrx_word' id='word_1_419' title='bbox 435 4516 603 4602; x_wconf 87' lang='lat' dir='ltr'>hucusque</span> <span class='ocrx_word' id='word_1_420' title='bbox 621 4524 747 4580; x_wconf 88' lang='lat' dir='ltr'>constat</span> <span class='ocrx_word' id='word_1_421' title='bbox 759 4514 949 4600; x_wconf 89' lang='lat' dir='ltr'>plerumque</span> <span class='ocrx_word' id='word_1_422' title='bbox 961 4513 1140 4598; x_wconf 86' lang='lat' dir='ltr'>particulae</span> <span class='ocrx_word' id='word_1_423' title='bbox 1156 4514 1200 4574; x_wconf 79' lang='grc' dir='ltr'>οὖν</span> <span class='ocrx_word' id='word_1_424' title='bbox 1213 4513 1350 4577; x_wconf 90' lang='lat' dir='ltr'>alterum</span> <span class='ocrx_word' id='word_1_425' title='bbox 1361 4511 1470 4576; x_wconf 90' lang='lat' dir='ltr'>locum</span> 
     </span>
     <span class='ocr_line' id='line_1_42' title="bbox 69 4616 1469 4707; baseline -0.001 -26"><span class='ocrx_word' id='word_1_426' title='bbox 69 4620 225 4683; x_wconf 91' lang='lat' dir='ltr'>enuntiati</span> <span class='ocrx_word' id='word_1_427' title='bbox 248 4617 356 4701; x_wconf 91' lang='lat' dir='ltr'>tribui,</span> <span class='ocrx_word' id='word_1_428' title='bbox 381 4620 442 4684; x_wconf 91' lang='lat' dir='ltr'>nisi</span> <span class='ocrx_word' id='word_1_429' title='bbox 466 4624 517 4699; x_wconf 84' lang='grc' dir='ltr'>μέν</span> <span class='ocrx_word' id='word_1_430' title='bbox 540 4619 712 4703; x_wconf 85' lang='lat' dir='ltr'>antecedit,</span> <span class='ocrx_word' id='word_1_431' title='bbox 736 4641 800 4707; x_wconf 92' lang='lat' dir='ltr'>qua</span> <span class='ocrx_word' id='word_1_432' title='bbox 826 4641 901 4683; x_wconf 90' lang='lat' dir='ltr'>cum</span> <span class='ocrx_word' id='word_1_433' title='bbox 922 4639 1004 4683; x_wconf 89' lang='lat' dir='ltr'>voce</span> <span class='ocrx_word' id='word_1_434' title='bbox 1028 4617 1072 4679; x_wconf 80' lang='grc' dir='ltr'>οὖν</span> <span class='ocrx_word' id='word_1_435' title='bbox 1095 4616 1183 4702; x_wconf 89' lang='lat' dir='ltr'>apud</span> <span class='ocrx_word' id='word_1_436' title='bbox 1204 4626 1346 4682; x_wconf 88' lang='lat' dir='ltr'>oratores</span> <span class='ocrx_word' id='word_1_437' title='bbox 1367 4616 1469 4682; x_wconf 92' lang='lat' dir='ltr'>multo</span> 
     </span>
    </p>
   </div>
   <div class='ocr_carea' id='block_1_7' title="bbox 0 0 1618 5092">
    <p class='ocr_par' dir='ltr' id='par_1_10' title="bbox 0 0 1618 5092">
     <span class='ocr_line' id='line_1_43' title="bbox 0 0 1618 5092; baseline 0 0"><span class='ocrx_word' id='word_1_438' title='bbox 0 0 1618 5092; x_wconf 95' lang='lat' dir='ltr'> </span> 
     </span>
    </p>
   </div>
  </div>
 </body>
</html>
