3225 5092
28 1 335 152 ΠΤἫ.
478 1 504 5 Α,
534 3 536 6 .

148 64 169 82 ,,
190 63 214 75 ,.

1441 210 1483 272 99

104 407 167 461 sunt
187 398 216 481 2,
233 398 263 479 4,
282 398 323 461 33
345 397 469 462 ‘harum
490 399 724 484 (Amazonum)
745 398 906 484 Minythia
931 400 1000 462 sive
1021 397 1197 463 Thalestris
1216 400 1349 484 regina’,
1369 399 1400 481 5,
1417 400 1447 482 9,
1465 401 1485 463 6

104 501 267 566 ‘castellum
274 500 401 586 Phylen
411 502 592 566 Atticorum
603 501 736 584 finium',
749 502 805 566 ubi
819 501 991 565 verborum
1003 501 1212 567 collocatione
1221 504 1343 569 Iustino
1355 506 1486 591 propria

103 603 185 668 facile
200 608 272 691 quis
287 606 388 690 possit
403 605 532 691 adduci,
548 615 584 669 ut
598 606 765 690 genetivos
777 605 921 690 pendere
934 607 1097 670 existimet
1108 629 1125 670 e
1137 606 1322 672 nominibus
1337 609 1484 693 propriis.

104 709 153 772 sed
173 711 291 773 rectius
312 709 448 774 alterum
471 712 657 794 genetivum
678 731 752 773 cum
775 731 855 774 voce
880 710 1023 794 ‘regina’,
1044 710 1181 775 alterum
1200 733 1274 775 cum
1296 711 1484 776 ‘castellum’

104 807 282 898 coniungam
308 813 348 878 cf.
367 814 407 879 de
430 813 492 878 hac
511 813 686 879 verborum
710 802 919 884 collocatione
935 813 1173 900 Wopkensium
1193 813 1281 900 apud
1301 815 1485 879 Frotscher.

104 916 287 998 mQLb

27 1103 28 1114 ,
193 1022 256 1086 Pro
274 1024 424 1106 genetivo
440 1025 591 1108 partitivo
607 1023 769 1088 interdum
784 1023 942 1109 adpositio
958 1032 1142 1108 usurpatur,
1158 1045 1255 1108 qnam
1267 1023 1378 1088 dicunt
1390 1024 1486 1109 parti-

27 1127 30 1142 *
104 1127 191 1190 tivam
212 1127 267 1190 vel
289 1126 538 1190 distributivam.
576 1127 670 1191 huius
692 1150 769 1191 usus
793 1127 881 1212 apud
901 1127 1061 1191 Iustinum
1085 1129 1163 1191 satis
1185 1130 1330 1212 angustis
1354 1130 1486 1192 circum-

104 1231 244 1296 scribitur
254 1231 384 1296 finibus.
408 1231 593 1296 adiciuntur
606 1233 690 1295 enim
704 1232 916 1296 substantivis
929 1232 1042 1296 eodem
1051 1254 1130 1297 casu
1137 1254 1235 1295 voces
1244 1232 1335 1296 ‘alius
1346 1271 1383 1280 -
1395 1231 1485 1297 alius'

26 1345 27 1396 3
105 1333 198 1418 1,6,4
213 1334 329 1400 ‘bella
346 1385 352 1399 .
367 1385 373 1398 .
387 1335 450 1398 alia
465 1337 654 1421 interposita
669 1337 820 1421 pactione
836 1338 1007 1421 componit,
1024 1335 1087 1400 alia
1102 1337 1253 1420 redimit’,
1269 1336 1299 1419 9,
1312 1337 1342 1421 4,
1357 1337 1374 1399 7
1393 1337 1487 1423 ‘prin-

104 1442 180 1525 cipes
196 1441 335 1506 civitatis
356 1441 434 1504 alios
454 1443 560 1504 securi
576 1442 746 1526 percussit,
765 1440 845 1505 alios
860 1442 893 1504 in
910 1440 1042 1504 exilium
1062 1441 1212 1524 redegit'3
1235 1440 1325 1505 ‘alter
1338 1480 1382 1488 -
1396 1441 1486 1505 alter’

26 1573 27 1578 ¹
106 1545 147 1627 15,
158 1545 187 1630 2,
202 1545 255 1628 153
271 1546 323 1624 43,
336 1546 366 1624 2,
381 1545 414 1627 83
432 1550 517 1632 ‘pars
528 1585 571 1594 —
583 1547 668 1631 pars'
685 1546 737 1628 32,
750 1547 780 1629 3,
793 1547 824 1610 6.

198 1651 263 1716 Vix
279 1673 359 1738 opus
375 1661 425 1715 est
440 1651 558 1715 diserte
574 1673 827 1716 commemorare
847 1653 989 1736 genetivi
1008 1652 1154 1736 partitivi
1174 1653 1280 1715 vicem
1300 1652 1487 1736 saepissime

105 1753 184 1818 obire
198 1757 450 1842 praepositiones
467 1758 529 1838 ‘ex,
546 1756 597 1837 de,
613 1756 717 1838 inter’,
738 1755 889 1841 equibus
910 1758 1052 1820 maxime
1068 1755 1109 1819 ab
1126 1754 1249 1818 Iustino
1265 1754 1489 1838 frequentatur

105 1861 288 1945 praepositio
306 1860 378 1924 ‘ex'.
415 1860 556 1945 exempli
577 1871 674 1924 causa
694 1861 806 1924 adfero
827 1860 928 1945 praef.
945 1860 961 1921 1
980 1859 1079 1925 ‘multi
1100 1881 1142 1923 ex
1162 1857 1335 1938 Romanis’,
1360 1858 1487 1941 21,1,1

106 1963 281 2028 ‘maximum
296 1973 375 2029 natu
391 1987 433 2028 ex
445 1963 539 2042 filiis’,
556 1963 608 2041 22,
617 1963 647 2046 2,
658 1964 677 2027 9
687 1966 935 2050 ‘potentissimos
947 1985 1092 2048 quosque
1105 1985 1148 2026 ex
1160 1961 1350 2044 comitibus',
1367 1961 1419 2047 36,
1430 1962 1489 2044 3,9

106 2068 200 2149 ‘primi
224 2069 366 2132 omnium
389 2091 431 2131 ex
451 2067 691 2133 Orientalibus.
728 2070 806 2132 alios
828 2069 915 2132 locos
939 2069 1099 2152 congessit
1120 2068 1164 2132 H.
1184 2067 1348 2131 Domkius
1367 2069 1399 2129 in
1419 2089 1489 2152 pro·

106 2191 228 2253 gramm,
240 2172 414 2237 Vratislav.
432 2196 460 2236 a.
480 2173 561 2236 1877
583 2197 613 2259 p,
631 2173 661 2238 5.
693 2175 798 2237 minus
818 2173 1005 2258 frequenter
1024 2181 1198 2258 usurpatur
1217 2172 1412 2258 praepositio
1428 2170 1489 2234 ‘de’

105 2298 139 2339 ac
159 2278 342 2363 plerumque
363 2279 417 2361 ita,
437 2286 473 2341 ut
491 2277 668 2363 praecedat
687 2278 852 2342 numerale
874 2276 1049 2354 cardinale,
1070 2275 1160 2339 velut
1182 2278 1208 2360 1,
1226 2275 1257 2357 9,
1274 2276 1313 2339 21
1337 2276 1429 2339 ‘duos
1449 2276 1490 2340 de

107 2382 289 2466 coniuratis’,
309 2382 336 2463 1,
351 2381 401 2464 10,
416 2381 456 2444 15
469 2381 561 2447 ‘unus
578 2382 618 2446 de
634 2381 916 2464 interfectoribus',
933 2380 962 2462 2,
979 2381 1029 2465 10,
1042 2380 1061 2444 8
1074 2383 1230 2444 ‘trecenta
1247 2380 1334 2445 milia
1346 2381 1387 2444 de
1402 2383 1490 2446 auxi·

106 2484 169 2568 liis',
189 2487 227 2554 cf.
241 2486 420 2551 Domkium
436 2508 467 2570 p.
482 2485 511 2550 7.
542 2488 813 2571 praepositionem
830 2486 934 2551 ‘inter’
955 2486 1137 2550 invenimus
1159 2483 1208 2565 12,
1223 2484 1252 2562 7,
1266 2485 1287 2548 2
1303 2487 1491 2550 ‘acerrimus

107 2589 181 2654 inter
194 2592 399 2676 recusantes',
416 2591 467 2672 41,
483 2592 511 2672 1,
524 2591 544 2654 3
560 2593 654 2655 ‘inter
669 2590 812 2656 Orientis
827 2590 963 2677 populos
979 2589 1219 2653 obscurissimi'.

570 2773 619 2826 De
635 2771 791 2839 genetivo
806 2770 1019 2838 quant-itatis.

201 2903 254 2968 Ad
270 2906 456 2989 genetivum
471 2905 659 2989 partitivum
674 2903 814 2968 refertur
829 2925 848 2966 a
864 2903 1085 2986 grammaticis
1101 2904 1281 2986 genetivus,
1303 2905 1357 2988 qui
1374 2903 1493 2968 dicitur

110 3011 294 3091 quantitatis.
330 3011 384 3093 qui
404 3011 544 3095 primum
564 3008 723 3094 pendete
744 3000 969 3090 substantivis,
993 3006 1112 3092 quibus
1132 3008 1318 3092 quantitatis
1338 3011 1420 3072 ratio
1439 3009 1492 3072 vel

33 3145 34 3148 ¹
110 3132 246 3177 mensura
270 3113 475 3198 exprimitur,
500 3113 608 3197 qualia
631 3121 717 3177 sunt:
746 3113 858 3197 copia
874 3112 918 3198 (2,
940 3112 990 3196 10,
1010 3112 1052 3175 22
1076 3111 1314 3198 divitiarum),
1342 3113 1491 3196 pondus

113 3213 168 3300 (11,
180 3217 238 3299 2,7
258 3216 373 3303 auri),
394 3217 436 3281 cf.
453 3216 505 3295 32,
518 3217 548 3301 3,
564 3218 603 3281 10
619 3218 735 3302 ‘pondo
755 3218 902 3301 argenti’,
923 3216 1128 3280 multitudo
1149 3217 1214 3301 (11,
1228 3216 1257 3300 9,
1271 3217 1291 3280 2
1307 3217 1492 3302 ‘hostium'),

112 3320 160 3383 vis
174 3322 215 3406 (9,
228 3322 257 3404 2,
274 3323 313 3386 15
326 3322 487 3408 ‘pecoris’)
504 3322 543 3386 al.
572 3320 690 3387 deinde
702 3323 889 3405 adiungitur
899 3322 1069 3404 genetivus
1083 3322 1205 3384 neutris
1220 3323 1446 3405 pronominum
1462 3332 1494 3386 et

113 3423 331 3492 adiectivorum
346 3429 379 3490 in
395 3449 528 3492 numero
545 3426 698 3510 singulari
710 3426 984 3490 substantivorum
1000 3424 1072 3488 loco
1087 3424 1208 3508 positis,
1225 3423 1329 3488 velut:
1347 3427 1493 3508 tantum,

114 3541 262 3616 quantum,
284 3532 429 3613 multum,
450 3531 532 3616 plus,
549 3531 734 3616 plurimum,
751 3530 840 3615 quid,
857 3529 1045 3615 quidquam,
1065 3527 1165 3592 nihil’.
1197 3551 1332 3614 quorum
1352 3533 1493 3596 nomina·

33 3717 34 3722 ,
115 3633 161 3696 tivi
175 3646 206 3699 et
220 3637 395 3700 accusativi
411 3636 664 3720 frequentissimi
681 3645 755 3698 sunt
770 3635 857 3719 apud
878 3656 988 3698 omnes
1009 3634 1195 3720 scriptores:
1218 3633 1311 3698 seda
1325 3634 1494 3700 meliorum

36 3805 37 3808 Ἴ
114 3757 163 3800 usu
176 3739 325 3805 abhorret
340 3742 546 3804 accusativus
563 3762 636 3804 cum
652 3738 946 3825 praepositionibus
962 3739 1163 3820 coniunctae,
1185 3738 1274 3802 velut
1289 3739 1319 3822 6,
1332 3739 1362 3822 5,
1376 3740 1395 3802 8
1412 3743 1495 3825 ‘post

115 3848 223 3908 tantum
237 3843 413 3931 temporis’,
430 3844 555 3926 38,3,1
571 3847 654 3908 ‘ante
671 3844 807 3908 multum
823 3842 996 3926 temporis’.
1025 3842 1082 3905 sed
1099 3843 1241 3907 Iustinus
1256 3865 1321 3908 non
1337 3843 1440 3908 solum
1456 3865 1495 3908 ea

115 3943 268 4030 adiectiva,
294 3948 411 4036 quibus
431 3950 618 4033 quantitatis
638 3949 725 4012 notio
745 3948 839 4029 inest,
863 3970 937 4011 cum
957 3949 1109 4030 genetivo
1130 3949 1307 4030 coniunxit,
1333 3948 1391 4013 sed
1412 3949 1496 4012 sicut

116 4044 213 4116 Livius
227 4063 259 4117 et
273 4054 407 4118 Tacitus
423 4055 520 4118 etiam
536 4053 609 4135 alia,
631 4051 796 4137 inquibus
816 4054 901 4115 notio
917 4052 972 4116 illa
992 4075 1057 4116 non
1079 4053 1284 4137 conspicitur,
1306 4075 1408 4140 caque
1429 4077 1495 4118 cre-

35 4161 36 4164 ’
115 4149 190 4220 brius
208 4180 342 4223 numero
361 4157 477 4243 plurali
498 4180 595 4243 quam
619 4157 782 4241 singulari.
820 4155 873 4220 bic
893 4155 1026 4241 quidem
1050 4179 1204 4220 numerus
1224 4156 1350 4221 duobus
1370 4167 1496 4222 tantum
1540 4183 1545 4192 ·

115 4252 180 4322 locis
198 4263 343 4349 adparet,
365 4284 500 4347 quorum
520 4285 603 4327 unus
624 4271 672 4326 est
694 4261 743 4346 18,
760 4263 791 4337 3,
812 4261 853 4324 10
873 4261 990 4330 ‘medio
1010 4261 1133 4325 noctis':
1154 4261 1290 4326 alterum
1311 4263 1497 4326 coniectura

33 4363 34 4366 ’
116 4367 270 4431 emendare
284 4368 406 4432 studuit
414 4368 578 4445 Rueblius,
593 4368 661 4450 sed,
674 4377 709 4431 ut
721 4389 780 4451 ego
790 4367 921 4451 quidem
931 4368 1053 4452 opinor,
1067 4367 1229 4430 sineiusta
1242 4389 1350 4430 causa.
1368 4368 1497 4452 scripsit

116 4469 187 4534 onim
201 4471 318 4557 38,1,8
333 4482 444 4537 contra
456 4473 605 4537 codicum
620 4473 847 4536 auctoritatem
859 4473 1030 4536 ‘incertum
1041 4470 1117 4534 belli
1134 4470 1257 4535 timens'
1272 4469 1497 4536 exhibentium

116 4569 266 4641 ‘incertum
281 4576 357 4642 belli
374 4580 494 4642 exitum
511 4578 649 4660 timens',
670 4577 831 4641 adductus
847 4577 983 4641 fortasse
1000 4574 1245 4661 interpolatione
1265 4578 1360 4641 unius
1375 4575 1497 4640 codicis

1305 4698 1337 4750 ’β
