3225 5092
1489 242 1551 305 163

157 436 189 491 et
198 425 249 510 86,
264 429 350 514 quod
359 451 433 494 eum
441 428 568 511 fefellit3
586 439 720 515 utroque
729 433 815 495 enim
827 430 899 494 loco
911 436 963 512 γάρ
976 431 1138 496 causalem
1146 434 1379 497 sententiarum
1391 455 1552 498 conexum

155 531 317 617 indicati)
333 555 439 619 neque
451 536 484 598 in
495 533 655 599 locutione
668 539 731 618 φέρε
743 541 796 618 γάρ
807 538 835 599 is
847 534 1025 621 particulae
1040 540 1093 617 γάρ
1108 558 1186 600 usus
1202 538 1406 623 conspicitur,
1424 540 1551 602 etiamsi

156 657 195 698 ea
223 637 310 722 apud
333 639 506 724 scriptores
528 642 721 726 posteriores
744 647 813 706 tam
832 639 995 705 sollemnis
1018 649 1081 722 est,
1105 648 1141 703 ut
1163 639 1259 704 facile
1283 644 1455 727 suspiceris
1480 665 1552 728 par-

155 739 274 805 ticulae
289 747 343 825 γάρ
359 743 525 828 adpositae
541 745 608 809 vim
624 745 787 809 causalem
802 767 868 808 non
884 765 1012 830 semper
1026 743 1224 808 intellectam
1240 766 1326 827 esse,
1352 747 1409 810 sed
1426 745 1502 810 Ant.
1520 747 1551 810 V

156 843 197 906 36
212 845 382 912 manifesto
394 847 595 932 dubitatione
611 852 675 932 φέρε
688 852 742 932 γὰρ
758 852 792 927 δὴ
807 853 914 931 ποτέρῳ
930 855 974 911 νῦν
985 854 1133 932 χρήσονται
1147 857 1201 911 τῶν
1216 851 1326 931 lipom
1341 871 1440 914 causa
1456 853 1551 934 signi-

155 947 280 1032 ficatur,
298 971 356 1014 cur
372 963 578 1018 accusatores
594 975 724 1018 servum
739 975 858 1018 necare
873 974 938 1017 non
954 953 1137 1018 debuerint.

834 1110 864 1174 2.

259 1228 417 1293 Venimus
433 1230 475 1295 ad
491 1227 825 1316 interrogationes.
848 1232 994 1315 inprimis
1009 1231 1062 1295 hic
1077 1232 1293 1296 nominandae
1309 1243 1383 1297 sunt
1395 1234 1552 1298 formulae

154 1331 229 1395 illae
245 1331 405 1420 ellipticae
421 1344 479 1409 πῶς
494 1341 547 1418 γάρ
563 1336 635 1421 (οὔ),
651 1339 681 1398 οὺ
692 1341 763 1419 γάρ,
779 1357 862 1422 quae
874 1334 1040 1400 Herodoto
1053 1345 1084 1400 et
1095 1335 1282 1422 Thucydidi
1297 1338 1442 1402 nondum
1456 1349 1552 1403 notae

155 1445 211 1500 aut
228 1446 315 1502 certe
331 1449 501 1525 acceptae,
523 1440 579 1504 sed
596 1440 636 1504 ab
653 1439 855 1525 Antiphonte
871 1442 936 1505 iam
950 1449 1125 1526 usurpatae
1142 1439 1187 1526 (V
1202 1441 1254 1523 41,
1271 1442 1349 1505 item
1365 1442 1465 1526 Gorg.
1481 1443 1550 1507 Pal.

154 1541 212 1628 21)
229 1543 325 1606 etiam
340 1553 453 1630 postea
467 1545 501 1608 in
523 1567 585 1609 usu
604 1555 697 1610 erant
711 1544 805 1636 (Lys.
821 1544 839 1607 I
854 1544 909 1622 27,
926 1545 1009 1610 Isae.
1023 1544 1106 1609 VIII
1122 1544 1177 1627 30,
1193 1545 1279 1608 Xen.
1297 1544 1421 1611 Comm.
1437 1547 1506 1611 IIII
1521 1549 1550 1629 6,

157 1645 207 1729 14,
220 1645 268 1711 Pl.
279 1645 378 1732 Gorg.
395 1647 508 1734 4802).
533 1651 566 1713 in
577 1649 627 1713 his
643 1649 799 1734 formulis,
817 1671 954 1734 quarum
969 1651 1036 1713 vim
1053 1651 1173 1734 optime
1188 1649 1423 1734 intellegemus,
1440 1653 1467 1715 si
1482 1653 1551 1717 eius

155 1750 242 1816 modi
254 1754 528 1836 ¹interrogationes
547 1754 643 1840 plene
663 1775 836 1840 expressas
857 1753 1117 1838 comparabimus
1133 1753 1227 1839 (Her.
1243 1753 1295 1818 HI
1317 1753 1356 1817 81
1378 1756 1417 1836 τῷ
1438 1758 1469 1817 δὲ
1489 1759 1552 1818 οὐδὲ

155 1860 298 1937 γινώσκειν
314 1860 353 1919 ἔνι
363 1879 368 1892 ·
378 1865 436 1932 κῶς
451 1861 505 1939 γὰρ
521 1863 553 1919 ἂν
569 1855 712 1941 γινώσκοι,
729 1862 775 1932 ὃς.
788 1909 794 1922 .
805 1883 828 1940 ‚3
844 1858 943 1922 Isocr.
959 1857 1028 1920 IIII
1044 1856 1115 1943 83),
1137 1859 1205 1922 sine
1226 1857 1325 1923 dubio
1347 1859 1486 1924 causalis
1502 1862 1552 1924 vis

155 1960 335 2045 particulae
355 1967 408 2044 γάρ
423 1962 520 2027 valet.
553 1963 610 2028 sed
627 1985 773 2028 cumeae
793 1971 906 2048 postea
927 1985 970 2025 ex
990 1961 1224 2027 consuetudine
1244 1962 1444 2047 frequentius
1463 1963 1552 2030 nulla

155 2073 243 2149 puto·
254 2067 385 2151 originis
405 2069 529 2132 ratione
551 2066 663 2132 habita
680 2075 928 2153 usurparentur,
950 2076 983 2130 et
1003 2089 1077 2131 oum
1092 2089 1191 2153 saepe
1210 2069 1291 2131 ratio
1306 2069 1484 2155 particulae
1498 2075 1552 2152 γάρ

154 2169 188 2232 in
207 2171 512 2255 interrogationibus
531 2173 655 2258 positae
675 2172 718 2237 ad
737 2171 992 2257 intellegendum
1012 2171 1174 2236 difficilior
1193 2180 1278 2236 esset
1298 2195 1360 2237 nec
1379 2175 1483 2259 primo
1499 2174 1552 2238 ob-

155 2280 226 2336 tutu
238 2277 374 2341 causalis
387 2278 455 2341 eius
467 2279 517 2341 vis
528 2279 653 2364 percipi
664 2277 815 2364 posset,²)
831 2277 951 2341 talibus
966 2276 1045 2341 locis
1061 2279 1172 2363 utique
1187 2281 1241 2360 γάρ
1256 2279 1320 2341 iam
1335 2298 1371 2341 re
1386 2299 1466 2342 vera
1478 2301 1552 2344 con-

154 2377 353 2445 firmatiuum
374 2403 444 2446 esse
464 2381 647 2446 videbatur.
678 2384 786 2468 itaque
803 2381 891 2467 apud
907 2384 1099 2467 posteriores
1122 2383 1296 2468 scriptores
1312 2390 1344 2446 et
1360 2383 1477 2447 breves
1492 2383 1552 2448 for·

154 2483 257 2548 mulas
266 2487 444 2570 reperimus
453 2485 485 2574 (ἦ
493 2491 546 2568 γάρ
551 2512 563 2570 ,·
575 2486 656 2551 Plat.
665 2486 849 2572 Euthyphr.
861 2484 935 2568 100,
947 2485 1086 2550 Phaedr.
1099 2485 1163 2549 263
1172 2509 1200 2564 a,
1213 2488 1238 2547 τί
1248 2491 1301 2568 γάρ
1306 2512 1317 2569 ,·
1330 2487 1416 2552 Xen.
1427 2486 1551 2553 Oomm.

153 2586 188 2650 H
199 2588 229 2673 6,
246 2589 309 2653 2et
320 2591 350 2672 3,
364 2589 426 2656 An.
440 2592 471 2656 V
485 2591 513 2674 l,
533 2590 587 2678 10)
604 2605 636 2655 et
647 2600 714 2656 tota
730 2592 896 2655 enuntiata
911 2592 1144 2673 interrogativa
1159 2590 1258 2677 (Xen.
1272 2589 1395 2657 Comm.
1409 2591 1469 2675 14,
1487 2592 1552 2679 14),

153 2692 187 2754 in
203 2693 320 2777 quibus
336 2700 390 2778 γάρ
405 2717 520 2780 reapse
536 2698 603 2760 vim
621 2694 879 2760 confirmativam
894 2716 973 2780 prae
989 2716 1023 2758 se
1040 2694 1112 2758 fert.

841 2851 871 2915 3.

259 2973 433 3037 Praeterea
441 2973 675 3055 inldiverbiis
688 2976 714 3038 si
723 2975 795 3060 quis
804 2973 892 3059 loqui
903 2975 1016 3059 incipit
1024 2981 1081 3036 aut
1088 2973 1271 3058 respondet,
1285 2982 1383 3059 atque
1397 2976 1443 3039 eis
1455 2976 1553 3040 etiam

156 3075 244 3161 locis,
261 3075 378 3164 quibus
395 3077 578 3143 diverbium
593 3077 635 3144 ab
652 3088 777 3145 oratore
793 3088 864 3143 arte
880 3087 1006 3142 tantum
1021 3076 1134 3141 fictum
1153 3087 1209 3155 cst,
1225 3083 1279 3159 γάρ
1292 3079 1552 3143 confirmativum

154 3182 318 3247 interdum
330 3184 501 3248 invenitur.
523 3184 581 3249 sed
593 3186 627 3248 in
639 3185 701 3249 hac
713 3205 841 3269 quoque
853 3205 888 3247 re
902 3182 1073 3247 statuenda
1086 3182 1178 3246 multi
1189 3181 1280 3246 velut
1290 3182 1448 3248 Kuehner
1462 3186 1551 3248 nimii

156 3285 301 3369 fuerunt,
325 3310 390 3352 non
410 3290 494 3352 enim
514 3290 547 3352 in
567 3310 606 3353 eo
625 3310 759 3355 numero
774 3287 920 3352 habendi
933 3296 1007 3351 sunt
1021 3289 1044 3352 ii
1059 3287 1135 3369 loci,
1152 3286 1209 3351 ubi
1225 3287 1297 3372 quis
1313 3309 1445 3352 causam
1460 3287 1553 3352 addit

157 3393 335 3455 sententiae
346 3391 389 3456 ab
401 3392 501 3456 altero
513 3392 656 3478 prolatae
669 3391 765 3480 (Plat.
778 3392 922 3478 Euthyd.
932 3391 995 3456 298
1004 3392 1050 3477 b),
1066 3402 1123 3456 aut
1133 3413 1334 3477 responsum,
1348 3392 1435 3479 quod
1445 3395 1552 3479 ipsum

262 3585 281 3650 ¹)
300 3586 324 3635 V
337 3587 370 3636 86
384 3587 552 3636 enuntiatum
566 3585 673 3636 causale
685 3583 765 3649 ἠξίουν
779 3583 882 3654 μὲνγὰρ
897 3600 952 3651 eqs.
965 3585 999 3635 ad
1011 3587 1085 3650 prius
1096 3586 1247 3636 membrum
1256 3586 1358 3651 periodi
1367 3586 1553 3637 antecedentis

156 3673 324 3724 referendum
335 3678 375 3724 est
385 3672 428 3738 (cf.
439 3673 518 3722 huius
528 3672 721 3723 dissertationis
733 3688 758 3736 p.
774 3673 849 3738 152);
861 3677 1024 3723 numerator
1035 3673 1137 3722 iudices
1150 3677 1216 3735 crat,
1229 3674 1304 3722 usin
1317 3672 1368 3723 hac
1381 3688 1470 3735 causa,
1482 3688 1553 3739 quae

158 3766 251 3810 contra
262 3759 336 3825 leges
350 3761 474 3810 instituta
486 3761 521 3809 sit
534 3759 559 3824 (ᾗ
571 3759 608 3824 8),
621 3760 747 3826 opinione
763 3763 865 3810 temere
882 3764 1013 3824 concepta
1031 3759 1175 3823 ducantur,
1189 3776 1250 3809 cum
1262 3759 1341 3823 velit,
1358 3765 1390 3810 ut
1406 3760 1552 3810 secundum

157 3846 232 3912 leges
244 3846 277 3896 ds
290 3861 317 3896 se
330 3847 458 3896 iudicium
471 3845 525 3896 liat.

261 3933 283 3998 ²)
302 3932 385 3984 Velut
396 3934 463 3984 Xen.
478 3933 580 3983 Oomm.
592 3932 633 3982 III
645 3935 670 3996 ὅ,
684 3934 716 3983 15
729 3935 878 3999 quaeritur,
896 3949 948 3998 quo
969 3933 1048 3984 modo
1066 3935 1201 3985 sententia
1217 3933 1379 3984 antecedens
1395 3934 1454 3983 iure
1470 3947 1553 3982 enun-

158 4022 218 4071 tiari
227 4022 352 4086 potuerit.
366 4019 560 4074 Ocuxvmla
567 4021 709 4084 sententia,
719 4036 788 4085 quae
797 4017 1036 4085 interrogationis}
1045 4017 1092 4088 γὰρ
1102 4018 1131 4070 sb
1143 4019 1284 4083 ἐπίστασαι,
1296 4020 1394 4083 subest,
1403 4022 1461 4085 ipsa
1471 4035 1552 4069 causa

158 4110 324 4171 continetur,
343 4123 389 4158 cur
401 4109 523 4159 Socrates
540 4122 585 4170 ea,
605 4122 674 4172 quae
689 4107 867 4172 praecedunt,
884 4113 992 4173 praeter
1004 4109 1158 4173 opinionem
1170 4108 1274 4158 dixerit.
1298 4106 1345 4156 sed
1356 4108 1380 4156 si
1392 4109 1451 4172 quis
1463 4108 1553 4156 minus

158 4202 281 4246 accurate
294 4195 342 4246 hos
354 4195 427 4245 locos
439 4196 571 4260 inspiciat,
581 4194 662 4244 facile
675 4209 735 4244 eum
749 4194 865 4245 causalis
877 4196 1072 4245 sententiarum
1086 4211 1203 4246 conexus
1214 4198 1372 4259 praetereat.
1393 4194 1454 4260 cyr.
1464 4193 1489 4244 V
1500 4196 1523 4256 1,
1537 4196 1552 4242 9

158 4281 377 4333 adulescentulus
388 4281 436 4331 ille
449 4281 526 4344 dicit,
539 4297 593 4347 qua
609 4297 691 4332 causa
703 4283 847 4333 stratisue
859 4288 1008 4332 commotus
1021 4281 1106 4347 Cyrus
1119 4297 1163 4345 ea,
1182 4295 1251 4347 quae
1263 4281 1434 4345 antecedunt,
1446 4279 1555 4331 locutus

158 4385 215 4422 esse
228 4371 279 4420 sibi
291 4370 421 4421 videatur.
439 4371 538 4420 sivero
551 4372 697 4421 sententias
713 4371 784 4436 ipsas
797 4371 1038 4437 circumspicimus,
1051 4368 1250 4421 adulescentuli
1265 4383 1422 4434 responsum
1441 4382 1474 4418 ea
1490 4384 1553 4417 con-

157 4460 234 4522 tinet,
248 4472 317 4525 quae
330 4471 346 4508 e
358 4457 445 4507 verbis
458 4456 522 4521 Gyri
534 4456 626 4524 colligi
637 4463 754 4523 possunt.
773 4457 850 4509 vides
859 4474 914 4509 non
923 4472 989 4522 esse,
1000 4457 1072 4524 quod
1080 4457 1173 4508 credas
1182 4455 1332 4519 Ksrlowae,
1345 4455 1554 4522 Bemerkungen

157 4561 219 4596 sum
235 4544 471 4612 Spraohgcbrauch
488 4543 536 4596 des
549 4544 743 4596 Demosthenes
759 4547 809 4595 mit
822 4545 1083 4613 Berflclrsiohtigung
1099 4544 1213 4597 auderet
1229 4543 1357 4594 attischer
1373 4542 1487 4606 Redncr,
1500 4544 1554 4609 p.4

157 4634 213 4684 vim
226 4633 407 4685 conclusivem
421 4633 585 4698 primitivam
597 4633 745 4699 particulae
754 4629 801 4701 γάρ
813 4633 905 4684 luisse.

1347 4735 1397 4786 11*
