3225 5092
1457 239 1498 303 ss

105 443 169 484 esse
189 422 382 508 videntur.¹)
415 447 454 488 en
469 424 571 489 habes
593 448 734 509 oausam,
756 449 840 512 quae
860 428 948 514 Lydi
967 429 1081 492 turbas
1098 430 1268 492 excitavit:
1284 432 1455 493 invenerat
1472 431 1499 493 is

104 525 235 590 fortasse
255 530 289 590 in
304 527 393 591 fonte
414 528 517 615 111ιῖ)
533 531 607 607 Μηνὶ
624 527 727 612 Ἰουνίῳ
749 532 883 618 calwe)
901 535 934 594 ἐν
950 534 1044 614 α’...,
1061 534 1148 597 unde
1164 533 1312 617 neglecto
1332 533 1386 597 illo
1404 537 1432 595 ἐν
1448 536 1500 597 tri·
1555 522 1556 529 ¹
1593 560 1594 615 j

103 632 188 712 ginta
209 633 330 695 mensis
356 633 500 717 synodici
527 634 596 697 dies
621 645 826 701 enumeratos
850 659 919 700 esse
942 636 1072 722 collegit
1091 647 1188 723 atque
1209 638 1333 722 reliqua
1353 639 1396 702 ad
1416 637 1501 702 hanc
1593 652 1594 703 ὲ

104 736 296 820 opinionem,
320 747 474 820 quantum
497 740 613 823 potuit,
642 741 910 805 accommodavit.
950 742 1129 807 subsidium
1157 753 1267 807 autem
1296 745 1499 808 coniecturae
1593 784 1594 789 .

102 837 191 902 huius
208 839 296 903 haud
313 843 531 926 spernendum
543 844 575 906 in
588 867 626 908 11
639 841 791 927 cerriitur,
809 847 893 930 quod
911 844 943 910 in
955 846 1103 912 Palatino
1120 848 1231 912 codice
1248 849 1388 933 optimae
1404 856 1499 912 notae
1548 870 1550 875 ’

102 946 298 1024 Βροντοσκοπία
320 947 352 1007 ἐκ
370 955 423 1007 τῶν
444 947 588 1026 Φωντηίου
608 956 654 1011 τοῦ
674 952 812 1027 Ῥωμαίου
833 950 942 1036 (capp.
961 951 1103 1038 sti-41)
1120 952 1332 1036 Nigidianum
1352 951 1498 1016 libellum
1593 1020 1594 1023 Ἴ

103 1045 388 1134 (1.27-38)111,
409 1061 445 1114 11
460 1053 494 1115 in
510 1052 678 1118 Oaseolino
695 1053 820 1136 codice,
841 1077 938 1140 quem
959 1055 1097 1120 editores
1117 1058 1219 1120 secuti
1241 1066 1323 1133 sunt,
1346 1059 1499 1140 sequitur,

103 1152 152 1216 sed
177 1155 206 1215 ei
235 1155 412 1236 antecedit3
444 1157 498 1220 illa
522 1159 607 1221 enim
632 1157 910 1240 11811-1861,
943 1160 1497 1226 11111.1861-19011111111111.
1593 1156 1594 1235 ᾗ

103 1257 236 1322 eandem
255 1259 508 1344 dispositionem,
530 1284 628 1346 quam
645 1261 851 1327 falsissimam
871 1285 941 1327 esse
957 1264 1224 1329 Waehsmuthius
1248 1288 1279 1350 p.
1294 1265 1397 1329 XIIII
1416 1264 1499 1328 dixit
1586 1274 1594 1347 ',

102 1383 201 1446 neque
222 1372 332 1428 tamen
352 1369 551 1449 argumentis
574 1367 839 1453 comprobavit,³)
858 1378 970 1434 tenere
991 1372 1088 1433 etiam
1110 1370 1240 1434 codices
1260 1370 1397 1454 Regium
1413 1368 1496 1434 2381
1593 1366 1594 1417 l

101 1464 173 1530 110
189 1467 296 1531 v-‘ti
312 1495 329 1534 r
346 1481 377 1533 et
389 1470 552 1535 Venatum
572 1473 636 1536 324
651 1473 672 1536 f.
686 1471 749 1536 282
764 1473 927 1537 1-2841
945 1497 987 1537 ex
998 1474 1093 1538 Hasii
1113 1475 1224 1538 verbis
1241 1474 1430 1561 (comment.
1450 1474 1491 1537 de
1593 1480 1595 1497 '

102 1570 191 1654 Lydo
204 1595 236 1657 p.
249 1573 452 1659 XXXXVI)
464 1577 624 1661 adparere
637 1577 774 1641 videtur.
800 1577 914 1662 quodsi
927 1578 1008 1642 haec
1017 1579 1183 1664 dispositio
1196 1601 1275 1643 vera
1287 1581 1328 1642 sit
1335 1578 1496 1659 habenda,
1593 1588 1594 1653 l

101 1675 242 1741 libellum
266 1677 389 1762 Nigidii
413 1682 535 1764 excipit
565 1681 755 1766 disputatio,
784 1705 881 1767 quam
905 1684 976 1767 ipse
999 1683 1116 1768 Lydus
1139 1682 1302 1749 Labeonis
1325 1705 1395 1746 esse
1419 1683 1497 1746 dicit
1593 1698 1594 1723 ³

102 1779 139 1865 (1.
152 1780 220 1867 42),
237 1784 271 1846 in
284 1783 430 1848 Palatino
447 1807 525 1848 sane
543 1786 671 1849 omissa.
696 1786 860 1850 Labeonis
876 1798 984 1851 autem
999 1810 1117 1852 nomen
1133 1810 1207 1852 cum
1221 1787 1338 1872 Figulo
1354 1790 1451 1852 etiam
1465 1789 1497 1850 in

101 1908 167 1970 cap.
188 1886 252 1964 III,
276 1887 333 1952 ubi
353 1899 500 1952 auctores
522 1912 596 1954 suos
616 1889 731 1973 Lydus
751 1890 885 1972 indicat,
913 1893 1119 1956 coniunctum
1140 1901 1189 1955 111
1208 1894 1253 1956 ita
1273 1892 1362 1977 (p.6‚
1378 1891 1442 1977 18),
1463 1901 1498 1953 ut
1593 1938 1594 1945 .

100 1990 285 2055 Labeonem
305 1992 427 2076 Nigidii
454 2015 581 2079 quoque
606 1995 818 2076 βροντοσκοπίαν
844 1994 1031 2059 exhibuisse
1056 2020 1075 2058 a
1099 1995 1325 2082 probabilitate
1349 2018 1413 2059 non
1440 1997 1494 2060 ab·
1593 2032 1594 2067 i

101 2095 235 2160 horreat.
268 2118 332 2181 qua
350 2121 385 2162 re
406 2098 500 2162 simul
519 2101 653 2162 rationis
675 2099 863 2184 similitudo,
885 2122 982 2184 quam
1005 2123 1104 2185 supra
1122 2124 1153 2185 p.
1168 2101 1210 2164 34
1230 2101 1393 2164 detexisse
1414 2101 1491 2163 mihi
1593 2138 1594 2177 ,

100 2200 216 2279 videor,
234 2203 355 2287 optime
372 2202 527 2288 explicari
543 2212 659 2287 potest.

764 2535 824 2598 III.

199 2727 290 2790 Inter
304 2749 356 2790 res
372 2751 392 2790 a
403 2737 517 2820 natura
529 2728 700 2809 involutas,
718 2750 855 2814 quarum
867 2751 975 2791 acrem
988 2738 1020 2791 et
1032 2728 1219 2812 diligentem
1231 2727 1494 2810 investigatorem
1593 2732 1594 2813 ,

100 2829 262 2914 Nigidium
278 2831 392 2895 Oicero
405 2831 486 2895 Tim.
503 2833 518 2894 1
536 2831 688 2916 adpellat,
705 2835 847 2918 primum
858 2832 965 2896 locum
981 2835 1048 2896 sine
1061 2833 1160 2896 dubio
1173 2833 1319 2897 obtinent
1331 2830 1495 2896 stellarum
1593 2916 1594 2921 ἵ

100 2944 321 3022 astrorumque
338 2938 481 3019 effectus,
504 2936 621 3022 quibus
638 2938 705 3000 vita
721 2937 863 3000 humana
877 2939 946 3020 regi
961 2937 1147 3023 putabatur.
1178 2936 1394 3020 intellegimus
1410 2939 1496 3001 enim

99 3061 141 3102 ex
161 3043 324 3105 variorum
349 3043 542 3126 scriptorum
562 3042 641 3105 locis
662 3043 704 3106 ab
721 3041 855 3106 Hertaio
876 3065 908 3127 p.
921 3041 963 3105 29
977 3063 1024 3126 sq.
1038 3042 1164 3126 adlatis,
1187 3065 1207 3105 a
1227 3064 1279 3106 me
1296 3064 1394 3126 supra
1408 3063 1439 3125 p.
1453 3041 1495 3106 32

100 3148 367 3230 commemoratis,
388 3146 557 3230 Nigidium
574 3145 742 3210 doetrinae
760 3145 972 3228 astrologicae
992 3150 1184 3210 auctoritate
1200 3146 1347 3211 floruisse
1363 3147 1496 3232 eiusque

99 3248 146 3310 rei
172 3252 356 3314 memoriam
377 3251 581 3336 splendidam
605 3251 647 3315 ad
669 3261 815 3336 posteros
839 3253 1036 3335 pervenisse.
1069 3251 1125 3314 sed
1146 3272 1211 3314 non
1231 3251 1333 3314 solum
1353 3253 1422 3336 ipse
1443 3249 1495 3313 ille

101 3351 213 3417 studiis
228 3354 428 3440 astrologicis
441 3354 570 3419 deditus
587 3364 666 3437 erat,
689 3355 746 3418 sed
763 3355 842 3420 alios
857 3354 974 3419 multos
993 3366 1098 3420 artem
1114 3377 1186 3418 eam
1199 3344 1346 3420 docuisse
1358 3355 1496 3436 videtur,

100 3458 124 3519 si
142 3458 270 3541 quidem
287 3459 321 3522 id
334 3463 480 3524 conicere
496 3459 573 3524 licet
586 3460 709 3524 collatis
722 3460 832 3524 verbis
848 3458 1039 3524 scholiastae
1051 3459 1220 3523 Bobiensis
1233 3458 1289 3544 (ad
1302 3458 1369 3523 Cic.
1384 3468 1496 3522 contra

100 3560 255 3647 Vatinii,
281 3563 334 3649 14)
351 3564 392 3646 V,
410 3564 439 3642 2,
461 3588 492 3651 p.
513 3563 660 3646 31101,
688 3565 742 3650 qui
765 3573 876 3628 narrat
898 3563 997 3626 fuisse
1020 3563 1082 3626 illis
1106 3563 1305 3648 temporibus
1329 3563 1496 3646 Nigidium

101 3665 270 3752 quendam,
286 3669 393 3731 virum
410 3668 558 3734 doctrina
574 3677 607 3732 et
619 3667 798 3731 eruditione
816 3667 995 3731 studiorum
1006 3668 1328 3751 praestantissimum,
1344 3667 1496 3751 adquam

206 3845 223 3909 1)
235 3846 265 3896 Id
283 3848 336 3896 iam
354 3846 462 3911 Nigidio
481 3853 573 3896 notum
591 3846 672 3896 fuisse
690 3859 744 3894 non
763 3850 815 3906 est,
833 3843 905 3909 quod
924 3859 1065 3908 negemus,
1082 3859 1141 3893 cum
1159 3843 1292 3892 ‘decanos’
1308 3845 1361 3892 iam
1378 3843 1496 3907 antiquis

101 3934 261 3996 temporibus
277 3934 426 4000 astrologos
444 3933 596 3983 distinxisse
614 3937 718 3982 constet
736 3932 780 3996 (cf.
794 3931 958 3981 Haeblerum
977 3931 994 3979 l.
1011 3947 1034 3980 c.
1048 3948 1073 3996 p.
1086 3930 1137 3995 10).
1162 3931 1246 3981 Varro
1264 3936 1336 3979 certe
1355 3928 1422 3978 illud
1441 3945 1495 3977 non

100 4020 250 4083 ignorabat3
263 4022 296 4071 cf.
307 4021 420 4072 Plinii.
431 4023 466 4072 Η.
476 4021 574 4082 XVIII,
585 4021 635 4069 285
646 4021 738 4069 11286.
758 4018 885 4068 Manilius
898 4021 926 4067 in
936 4025 993 4068 arte
1004 4018 1224 4083 apotelesmatica
1234 4017 1392 4083 exponenda
1404 4019 1494 4083 singu-

101 4105 187 4156 lorum
199 4108 358 4159 decanorum
370 4111 500 4158 rationem
513 4108 613 4157 habuit.

204 4196 223 4260 2)
237 4196 307 4246 Eum
324 4197 425 4245 fontem
443 4195 576 4245 Graecum
592 4194 675 4245 fuisse
693 4195 750 4244 veri
767 4193 855 4243 simile
873 4199 920 4252 est,
942 4209 1002 4242 cum
1019 4193 1125 4257 Lydum
1142 4193 1253 4259 linguae
1269 4194 1382 4243 Latinae
1401 4208 1495 4258 parurn

102 4282 214 4344 peritum
225 4283 306 4333 fnisse
319 4282 470 4333 Schultaius
483 4287 596 4348 quaesti.
607 4282 673 4347 Lyd.
684 4285 706 4344 ξ.
718 4283 741 4343 2,
752 4299 776 4347 p.
788 4283 803 4330 6
814 4297 851 4345 sq.
863 4280 1091 4329 demonstraverit.

203 4369 223 4434 ³)
236 4371 304 4420 Nam
322 4371 395 4436 quod
411 4385 485 4436 capp.
502 4371 604 4419 23-26
621 4371 659 4419 ibi
676 4369 743 4418 falso
761 4369 876 4418 Fonteio
894 4366 1016 4430 adscribi,
1033 4363 1093 4416 euin
1106 4366 1221 4416 Vicellio
1240 4374 1328 4416 essent
1345 4368 1495 4428 tribuenda,

102 4470 128 4518 p.
140 4454 213 4506 XXII
224 4460 324 4520 statuit,
336 4458 390 4507 huc
403 4474 456 4508 non
469 4457 541 4508 facit.
560 4459 641 4506 immo
654 4456 817 4506 contendero
829 4455 927 4520 aliquis
939 4457 1022 4521 possit
1038 4471 1092 4504 non
1107 4454 1227 4505 futurum
1236 4455 1327 4516 fuisse,
1341 4461 1370 4504 ut
1383 4469 1415 4504 ea
1424 4455 1494 4503 Fon·

102 4543 161 4588 taio
171 4543 385 4608 adscriberentur,
402 4545 453 4595 nisi
465 4545 518 4594 iam
531 4545 559 4592 in
573 4544 672 4606 codice,
690 4559 723 4592 ex
736 4560 789 4609 quo
802 4545 830 4592 in
843 4543 865 4592 P
878 4544 1053 4609 transscripta
1065 4547 1136 4603 sunt,
1153 4557 1212 4591 cum
1230 4556 1305 4607 capp.
1317 4543 1418 4589 39—41
1433 4556 1494 4590 con·

101 4629 194 4679 iuncta
204 4631 322 4682 fuissent.

1305 4732 1338 4780 3*
