3225 5092
1375 243 1380 255 ’
1419 221 1478 286 141

87 418 283 503 praepositio
307 417 424 481 omissa
448 424 496 480 est
519 417 633 486 ceteris
658 438 730 480 eam
753 415 954 480 testantibus.
997 414 1083 500 quod
1103 416 1148 480 ita
1168 435 1202 478 66
1221 411 1343 478 habere
1367 437 1410 479 ex
1431 413 1482 479 bis

87 522 166 586 locis
188 526 377 607 cognosces:
401 519 451 603 15,
471 521 502 604 4,
522 521 562 584 12
578 527 608 586 ‘a
628 520 811 585 cervicibus
831 522 905 605 iugo
926 520 1089 584 servitutis
1110 520 1256 584 excusso’
1278 517 1331 605 (‘a’
1349 541 1410 584 cm.
1428 518 1481 606 Τ),
1597 534 1608 556 ·’

89 625 141 710 16,
153 625 183 707 4,
197 625 217 688 9
233 624 285 691 ‘de
301 627 397 690 exilio
413 647 563 690 reversus
579 626 672 690 esset'
690 624 765 712 (‘de'
783 623 910 711 6611),
929 624 978 705 19,
991 625 1020 702 3,
1037 625 1053 687 1
1070 622 1226 709 ‘procedit
1241 624 1356 710 611666
1371 646 1389 688 e
1404 625 1482 689 navi

89 729 158 793 sua’
176 730 277 816 l‘navi
294 731 361 795 sua’
374 730 426 817 Τ),
444 730 495 811 21,
511 729 572 812 1,5
589 733 617 793 ‘e
634 751 766 794 carcere
782 712 924 793 dimittit'
941 729 994 814 l‘e’
1010 726 1201 815 661.Τ[Ρ]),
1218 726 1270 812 38,
1282 727 1344 810 3,1
1362 728 1391 792 ‘a
1403 726 1482 814 Scy·

87 834 339 899 thia...venire’
362 834 632 922 (16’661.Τ),39,
651 834 681 918 2,
697 834 717 899 5
738 835 766 898 ‘e
788 834 908 920 templo
928 834 1016 898 Iovis
1037 832 1174 897 solidum
1194 855 1237 896 ex
1255 854 1334 897 auro
1355 835 1482 918 signum

2 1017 3 1026 ¹
88 938 253 1004 Victoriae
269 937 335 1003 tolli
350 938 448 1005 iubet'
467 940 526 1026 (in
541 939 671 1024 templo’
688 937 864 1004 AHGVP
882 938 1063 1025 ‘templo'L
1079 935 1156 1025 [11]).
1188 946 1296 1002 661616
1311 936 1482 1023 separandi

87 1042 191 1107 verba
210 1042 253 1107 ab
269 1041 391 1108 Iustino
412 1067 474 1108 non
496 1066 570 1108 cum
590 1043 732 1108 ablativo
752 1043 849 1126 nudo,
871 1043 929 1107 sed
950 1064 1024 1106 cum
1044 1042 1334 1128 praepositionibus
1355 1043 1483 1107 coniun-

2 1229 3 1234 .
86 1155 218 1234 guntur.
258 1158 467 1234 conspectum
482 1148 597 1212 horum
613 1147 788 1212 verborum
805 1146 896 1212 dedit
912 1147 1073 1212 Domkius
1088 1145 1154 1232 p.8
1171 1167 1217 1232 sq.

683 1357 888 1444 Appendlx.

321 1507 370 1561 De
385 1506 526 1562 urbium
541 1509 777 1575 terrarumque
793 1506 974 1560 nominum
989 1505 1255 1561 constructione.

2 1713 3 1720 ¹
193 1636 228 1702 si
243 1637 453 1702 indicandum
469 1646 527 1719 661,
544 1637 600 1702 ubi
616 1637 738 1723 aliquid
754 1638 875 1702 1661616
894 1641 944 1720 611,
965 1637 1052 1702 haud
1068 1661 1140 1703 raro
1157 1638 1200 1705 ab
1216 1638 1339 1703 Iustino
1354 1637 1484 1703 urbium

2 1733 4 1816 ἶ
84 1743 219 1808 6616166
236 1741 398 1808 secundae
415 1741 637 1807 declinationis
655 1752 765 1807 contra
785 1765 878 1806 usum
899 1745 1093 1828 optimorum
1108 1745 1310 1827 scriptorum,
1332 1742 1386 1827 qui
1401 1741 1483 1807 loca·

2 1825 4 1854 1
84 1849 193 1911 tivum
216 1856 383 1933 usurpant,
407 1849 439 1910 in
460 1839 603 1912 ablativo
623 1857 799 1932 ponuntur:
824 1847 854 1929 2,
875 1847 924 1929 13,
944 1847 965 1911 5
987 1849 1092 1933 ‘quem
1114 1847 1273 1934 (pontem)
1294 1847 1347 1910 ille
1362 1845 1484 1932 Abydo

84 1951 191 2015 veluti
205 1953 309 2016 victor
324 1953 421 2016 maris
437 1952 582 2035 fecerat',
599 1951 628 2028 5,
641 1951 672 2033 4,
688 1951 703 2013 1
722 1951 824 2015 ‘Sesto
840 1951 1009 2016 Mindarus
1031 1961 1063 2015 et
1077 1950 1309 2016 Pharnabazus
1320 1950 1485 2015 Lacedae-

83 2059 273 2120 moniorum
293 2055 410 2120 duces.
424 2107 430 2119 .
442 2107 447 2119 .
459 2055 698 2141 expectabant,
722 2055 771 2137 18,
784 2057 815 2137 4,
829 2056 848 2119 3
866 2059 935 2120 ‘rex
951 2056 1054 2126 Mutto
1070 2055 1159 2140 Tyro
1184 2054 1334 2137 decedit',
1356 2055 1407 2137 20,
1421 2056 1451 2138 3,
1464 2054 1483 2117 9

86 2159 286 2247 (0611611161)
299 2161 477 2224 etAthenis
490 2168 521 2222 61
531 2159 778 2224 Lacedaemone
791 2163 936 2223 nuntiata
948 2169 996 2223 est
1009 2160 1164 2223 victoria’.
1182 2159 1299 2244 quibus
1312 2158 1485 2224 locisadde

2 2311 3 2348 ,
89 2267 142 2344 11,
160 2265 263 2347 10,11
281 2268 365 2328 ‘cum
380 2265 414 2329 id
431 2286 504 2328 eum
518 2264 605 2348 Tyro
619 2264 739 2327 Vetere
757 2265 790 2327 in
807 2264 987 2349 antiquiore
1004 2263 1124 2349 templo
1140 2263 1302 2328 facturum
1318 2263 1484 2328 dicerent'.

2 2421 3 2426 ,
85 2393 166 2434 6616
188 2393 262 2434 6661
282 2369 384 2434 verba
401 2368 518 2452 ‘Tyrus
542 2369 645 2431 vetus'
661 2377 827 2452 tamquam
848 2369 881 2431 in
902 2390 1002 2432 unum
1023 2368 1219 2433 vocabulum
1235 2367 1412 2432 coaluerint
1427 2366 1484 2455 (of.

2 2453 4 2522 l
87 2473 259 2538 Graecum
276 2473 472 2559 Παλαίωρος),
489 2474 543 2538 hic
559 2494 685 2558 quoque
706 2482 878 2558 exspectes
898 2471 1088 2553 locativum3
1106 2472 1148 2537 cf.
1166 2473 1334 2538 Kuehneri
1356 2473 1411 2538 Gr.
1429 2472 1483 2537 lat.

3 2641 4 2646 ,
86 2579 132 2658 ΙΙ,
142 2600 173 2662 p.
185 2578 340 2661 366611.
352 2576 759 2662 561661611661166161166
769 2579 1007 2642 constructione
1020 2577 1321 2662 utunturVergilius
1330 2577 1484 2664 Hyginus

87 2683 260 2746 Vitruvius
282 2682 414 2746 Tacitus
435 2679 550 2746 Florus
570 2683 743 2766 Eutropius
768 2680 888 2766 aliique
912 2683 1026 2746 aetatis
1050 2683 1209 2747 inferioris
1233 2685 1405 2768 scriptores
1429 2681 1484 2767 (61.

3 2803 4 2806 ’
86 2785 250 2852 Schmalz.
264 2809 295 2871 p.
309 2784 382 2862 281,
394 2809 420 2849 6.
435 2785 523 2871 101).
547 2794 660 2850 666116
671 2783 845 2850 locativum
856 2785 946 2850 urbis
958 2788 1123 2850 nominum
1136 2788 1249 2850 tertiae
1262 2785 1484 2851 declinationis

3 2887 4 2952 ζ
87 2900 226 2976 usurpat
242 2890 382 2954 Iustinus
407 2890 458 2973 19,
475 2889 542 2972 2,8
567 2891 659 2974 ‘quae
683 2911 735 2954 res
759 2912 834 2954 6616
856 2892 1003 2954 66611616
1022 2890 1217 2974 Karthagini
1239 2892 1344 2955 esset'.
1382 2890 1486 2954 forma

89 3005 202 3059 autem
218 2993 433 3078 ‘Karthagini'
452 2993 578 3058 duobus
594 3004 719 3059 tantum
735 2993 910 3079 codicibus,
931 2993 957 3059 O
973 3003 1005 3058 61
1019 2995 1059 3079 L,
1076 3003 1233 3077 servatur,
1255 2997 1355 3059 ceteri
1368 2997 1487 3081 partim

89 3098 307 3183 ‘Carthagine'
325 3100 442 3185 partim
460 3098 712 3183 ‘Carthaginem'
730 3099 900 3179 exhibent3
922 3098 980 3162 sed
1000 3097 1086 3163 haud
1103 3100 1172 3163 veri
1188 3099 1341 3164 dissimile
1356 3099 1487 3163 videtur

90 3205 286 3289 scripturam
304 3202 520 3287 ‘Karthagini'
537 3224 608 3266 6666
624 3223 823 3287 germanam.

196 3308 334 3373 Duobus
349 3308 427 3376 locis
439 3307 582 3372 Iustinus
599 3307 740 3372 ablativo
756 3308 848 3373 urbis
863 3311 1002 3373 nominis
1018 3311 1287 3394 praepositionem
1301 3307 1354 3372 ‘in'
1367 3308 1487 3373 adiecit

91 3411 135 3476 ad
151 3412 401 3496 significandum
416 3411 539 3497 aliquid
554 3434 619 3476 non
634 3414 668 3476 in
684 3413 765 3476 urbe
780 3415 860 3499 ipsa,
877 3413 982 3477 sedin
998 3415 1053 3495 616,
1070 3433 1153 3498 quae
1170 3416 1257 3478 circa
1272 3413 1387 3478 urbem
1403 3423 1487 3498 sunt,

91 3515 217 3581 factum
234 3537 320 3579 esse:
339 3516 387 3593 11,
401 3515 486 3598 611
508 3519 551 3580 ‘in
565 3517 624 3580 Ilio
645 3537 773 3602 quoque
793 3517 836 3581 ad
856 3517 996 3582 tumulos
1015 3517 1166 3583 heroum.
1179 3518 1419 3603 ..parentavit',
1436 3518 1487 3600 12,

90 3619 123 3696 2,
137 3619 155 3681 1
172 3620 271 3684 ‘fama
282 3642 392 3685 rerum
406 3623 439 3684 in
452 3621 550 3685 Troia
565 3622 750 3705 gestarum’.
781 3623 894 3707 optimi
910 3631 1018 3686 autem
1030 3626 1204 3708 scriptores
1215 3623 1257 3687 ad
1270 3622 1407 3686 eandem
1419 3644 1488 3686 rem

93 3723 343 3808 significandam
359 3726 612 3811 praepositiones
628 3725 690 3789 ‘ad'
703 3725 757 3789 vel
774 3724 882 3810 ‘apud'
899 3747 1056 3810 usurpare
1073 3725 1186 3809 solent,
1203 3748 1339 3811 quarum
1353 3726 1488 3790 alteram

94 3830 193 3893 ctiam
212 3828 302 3914 apud
317 3829 476 3894 Iustinum
496 3831 679 3894 invenimus
699 3829 794 3914 2,15,
811 3828 849 3892 18
872 3828 969 3915 ‘apud
984 3829 1210 3894 Marathonem
1224 3839 1404 3916 pugnatum
1419 3830 1487 3895 661.

196 3933 306 3998 Nolim
322 3933 448 3999 silentio
463 3935 600 4000 transire
616 3933 697 3998 duos
717 3935 815 4017 locos,
836 3935 891 4019 qui
911 3957 948 3998 eo
970 3945 1045 3999 sunt
1059 3928 1228 4021 6616111166,
1249 3935 1336 4020 quod
1355 3956 1489 4020 praepo-

93 4037 167 4101 sitio
183 4038 240 4114 ‘in’‚
252 4038 295 4102 ad
311 4041 533 4103 accusativum
549 4039 638 4104 urbis
653 4039 792 4103 nominis
808 4037 945 4121 accedit,
963 4041 1017 4124 qui
1029 4040 1203 4126 respondet
1214 4039 1257 4104 ad
1269 4039 1489 4126 interrogatio·

92 4162 171 4204 nem
192 4142 311 4227 ‘quo?':
332 4143 381 4228 12,
401 4143 450 4227 13,
468 4143 489 4207 4
509 4145 552 4207 ‘in
567 4143 738 4229 Borsipam
758 4141 875 4206 urbem
895 4152 985 4207 trans
1000 4145 1199 4230 Euphraten,
1220 4145 1383 4209 desertam
1403 4144 1488 4226 olim,

94 4247 275 4331 concessit',
302 4246 350 4331 14,
372 4247 402 4328 6,
422 4247 442 4309 2
465 4250 507 4310 ‘in
529 4247 680 4332 Pydnam
706 4247 823 4311 urbem
851 4246 1020 4312 concedit'.
1059 4247 1112 4313 hic
1138 4250 1385 4334 praepositionis
1411 4271 1489 4313 usus

94 4369 294 4434 quamquam
308 4350 511 4436 adpositione
528 4350 662 4416 ‘urbem'
680 4350 788 4437 aliqua
803 4373 847 4414 cx
862 4361 954 4436 parte
971 4363 1155 4439 excusatur,
1175 4353 1299 4418 alienus
1317 4362 1426 4417 tamen
1442 4363 1492 4417 est

202 4528 221 4594 ¹)
234 4527 294 4578 Hoc
305 4527 365 4578 loco
378 4527 510 4577 ablativus
520 4526 665 4576 ‘Corintho'
675 4541 707 4576 66
719 4526 753 4576 ds
766 4541 847 4577 causa
860 4528 947 4578 minus
960 4527 1079 4592 offendit,
1093 4528 1163 4593 quod
1173 4530 1305 4595 excipitur
1314 4528 1375 4579 aliis
1384 4529 1488 4579 urbium

96 4613 248 4664 nominibus
260 4618 288 4665 in
301 4614 418 4665 ablativo
431 4615 531 4680 positis.
