3225 5092
1454 223 1518 286 199

121 412 319 476 iunctionem
330 410 515 476 Herodotus
527 411 673 475 nondum
685 413 847 496 cognitam
862 411 1006 476 habebat
1021 419 1120 499 atquc
1131 412 1233 478 Attici
1249 415 1347 478 etiam
1362 415 1518 500 antiquio·

124 538 176 582 res
196 514 371 580 admodum
392 537 464 580 raro
487 537 525 579 ea
545 518 595 580 usi
611 525 693 580 sunt.
720 516 782 580 loci
798 519 894 601 enim,
912 515 1028 602 quibus
1044 539 1084 581 ea
1098 517 1226 604 legitur,
1242 517 1276 582 hi
1292 528 1379 583 sunt:
1395 517 1473 583 Ant.
1486 519 1518 582 V

124 618 353 704 5111111111
367 619 438 704 113,
453 619 475 683 4
487 619 565 706 (quo
576 620 647 684 loeo
659 619 701 684 ad
713 640 785 684 cam
798 623 1057 685 coniunctionem
1069 621 1301 706 significatione
1313 621 1519 688 adversativa

126 724 305 790 adhibitam
320 729 355 804 γὲ
371 723 509 808 aceedit,
523 723 609 809 quod
625 733 737 810 postea
754 747 852 810 saepe
867 725 928 811 fit),
945 724 1031 791 And.
1045 725 1117 790 120
1132 725 1203 812 (ubi
1214 729 1293 791 item
1308 728 1357 791 vis
1369 725 1519 792 adversa-

125 832 193 894 tiva
207 828 363 914 adparet,
381 850 463 914 quae
483 831 517 910 γὲ
538 829 683 914 adposito
703 828 865 914 augetur).
897 831 1038 894 maxime
1053 839 1163 896 autem
1178 830 1343 896 adamavit
1358 852 1431 895 eam
1446 853 1518 895 eon-

125 935 320 998 iunctionem
339 933 467 1018 Lysias,
489 935 544 1019 qui
563 932 681 997 XVIII
700 933 780 998 loeis
801 956 841 998 ea
855 957 932 998 usus
947 943 1010 998 est:
1031 933 1100 998 1111
1118 935 1167 1021 13,
1184 933 1255 1023 [VI]
1269 936 1319 1017 15,
1335 934 1402 1000 VII
1417 935 1469 1018 36,
1485 935 1519 999 Χ

126 1037 156 1120 5,
179 1036 230 1122 29,
248 1036 317 1101 XII
332 1037 383 1120 30,
404 1037 456 1120 35,
477 1037 529 1119 49,
551 1037 602 1120 89,
623 1037 727 1102 XIIII
745 1037 794 1120 12,
816 1037 867 1115 32,
889 1037 941 1120 34,
961 1038 1014 1121 43,
1035 1039 1100 1102 XV
1121 1039 1150 1118 9,
1172 1039 1257 1104 XXI
1276 1039 1328 1122 23,
1349 1039 1451 1103 ΧΧΠ
1469 1039 1518 1123 19,

126 1141 293 1226 XXVII,
315 1140 433 1204 XXVI
452 1141 505 1224 113
533 1141 649 1227 quibus
668 1140 747 1205 locis
768 1141 876 1206 docies
899 1145 1049 1206 continuo
1070 1153 1144 1228 post
1162 1143 1209 1205 aei
1229 1145 1279 1221 μὲν
1300 1145 1333 1221 δή
1349 1144 1519 1209 vocativus

125 1247 258 1332 legitur,
283 1244 382 1310 semel
405 1255 530 1310 tantum
555 1245 686 1331 (XXVI
709 1246 762 1332 11)
782 1249 817 1328 γὲ
838 1248 992 1332 sequitur.
1024 1269 1098 1312 eum
1118 1248 1215 1331 igitur
1237 1249 1284 1309 καὶ
1304 1251 1354 1324 μὲν
1376 1250 1410 1326 δή
1430 1249 1519 1335 apud

127 1351 263 1436 Lysiam
278 1349 574 1435 frequentissimum
591 1352 640 1435 sit,
662 1372 704 1414 ex
725 1352 887 1415 contrario
907 1351 995 1436 apud
1010 1351 1188 1416 Isocratem
1203 1373 1268 1417 non
1284 1354 1444 1437 reperitur
1457 1355 1518 1417 nisi

126 1478 190 1520 uno
202 1456 272 1521 loco
286 1454 351 1540 (III
365 1454 430 1542 16),
444 1456 533 1540 apud
545 1456 797 1541 Xenophontem
809 1465 891 1520 teste
903 1458 1074 1542 Roquettio
1090 1457 1195 1522 tribus
1210 1466 1336 1521 tantum
1352 1456 1444 1543 (Cyr.
1457 1457 1473 1519 I
1488 1458 1518 1542 6,

127 1561 156 1642 3,
173 1559 204 1623 V
220 1557 250 1642 5,
266 1559 318 1644 44,
335 1559 384 1622 VI
400 1560 430 1645 2,
447 1559 514 1645 23),
529 1562 591 1624 nisi
608 1583 661 1624 eos
676 1559 798 1625 addere
814 1561 905 1643 velis,
929 1561 1046 1647 quibus
1063 1562 1113 1640 μὲν
1130 1565 1164 1639 δή
1180 1562 1282 1626 verbo
1297 1563 1485 1646 Interposito
1500 1585 1520 1626 a

126 1667 173 1726 act
188 1665 374 1747 seiungitur,
392 1663 492 1729 veluti
506 1663 605 1760 ·Hiero
621 1663 655 1726 II
673 1663 713 1726 12
729 1672 761 1727 et
779 1663 828 1728 18.
857 1685 967 1750 neque
982 1665 1083 1730 multo
1099 1664 1246 1751 pluribus
1261 1665 1341 1730 locis
1356 1666 1403 1726 καὶ
1418 1667 1469 1743 μὲν
1485 1667 1518 1745 δή

126 1770 271 1833 invenias
282 1767 370 1854 apud
383 1767 562 1850 Platonem,
579 1767 620 1832 cf.
634 1767 734 1834 Conv.
750 1768 838 1832 197a
852 1770 899 1830 aut
915 1771 965 1846 μὲν
981 1771 1015 1848 δὴ
1026 1775 1075 1846 τήν
1087 1793 1121 1851 γε
1132 1777 1186 1831 τῶν
1198 1767 1274 1852 ζῴων
1286 1771 1402 1854 ποίησιν,
1418 1769 1518 1855 Hipp.

127 1872 144 1935 Ι
160 1871 224 1936 290
239 1896 259 1937 a
272 1876 318 1934 aci
335 1873 386 1949 μὲν
402 1874 435 1949 δὴ
450 1875 547 1949 ταύτην
563 1896 596 1954 γε
611 1876 660 1950 τὴν
676 1877 826 1956 ἀπόκρισιν.

231 1976 459 2063 Amplifieatur
470 1999 712 2062 nonnumquam
729 1975 784 2041 illa
796 1979 979 2042 coniunctio
995 1999 1043 2060 eo,
1060 1977 1147 2062 quod
1161 1977 1301 2042 alterum
1312 1980 1358 2040 aut
1373 1979 1442 2042 sive
1458 1981 1521 2041 oute

126 2080 267 2146 additur.
294 2090 391 2166 atque
406 2083 461 2144 aui
477 2084 535 2159 μὲν
552 2084 591 2158 δὴ
607 2082 671 2164 καί,
689 2081 775 2168 quod
791 2084 825 2145 in
840 2082 998 2147 Herodoti
1014 2080 1280 2168 Thucydidisque
1295 2081 1386 2147 libris
1401 2083 1520 2147 frustra

127 2207 274 2272 quaeras,
295 2187 359 2250 iam
374 2185 491 2270 legitur
506 2185 583 2250 Ant.
597 2185 629 2249 V
645 2186 686 2250 63
697 2185 720 2272 1)
737 2195 769 2250 et
784 2186 872 2253 And.
885 2185 903 2248 Ι
920 2186 991 2251 140.
1022 2187 1141 2273 Lysias
1156 2208 1244 2272 vero,
1259 2187 1347 2273 apud
1363 2209 1460 2272 quem
1475 2189 1521 2250 aut

127 2293 177 2368 μὲν
194 2293 227 2367 δή
242 2292 357 2355 totiens
373 2298 503 2355 exstare
518 2290 667 2373 vidimus,
684 2289 734 2354 his
749 2300 876 2355 tantum
890 2290 969 2355 locis
984 2292 1031 2355 καὶ
1047 2293 1096 2368 μὲν
1113 2293 1147 2370 δὴ
1163 2293 1210 2353 καί
1224 2291 1384 2357 adhibuit:
1402 2291 1521 2356 XVIII

126 2393 147 2457 9
162 2394 209 2456 καὶ
224 2397 275 2473 μὲν
291 2398 325 2474 δὴ
341 2394 364 2457 ὦ
381 2399 406 2460 ἅ.
423 2396 547 2457 δικασταὶ
562 2397 609 2456 καί
625 2405 658 2460 et
668 2395 822 2459 XXVIII
841 2395 879 2457 l'l
896 2397 942 2458 aui
958 2397 1008 2473 μὲν
1025 2399 1058 2473 δὴ
1072 2395 1094 2458 ὦ
1107 2399 1134 2460 ἅ.
1152 2399 1190 2459 Ἀ.
1208 2399 1265 2480 καί,
1281 2397 1328 2458 καὶ
1340 2399 1390 2474 μὲν
1407 2399 1441 2474 δὴ
1457 2400 1520 2459 otti

127 2497 230 2563 XXII
252 2498 292 2562 21
318 2501 407 2565 etin
429 2500 537 2566 1123.
569 2501 627 2564 sed
650 2502 792 2565 omnium
814 2502 957 2565 maxime
983 2500 1143 2565 Isocrates
1166 2502 1215 2565 his
1238 2500 1406 2586 particulis
1428 2503 1519 2584 favit,

127 2626 225 2689 quem
241 2626 368 2690 semper
382 2605 451 2670 fere
467 2614 540 2691 post
556 2606 602 2668 aul
617 2608 668 2683 μὲν
685 2608 719 2683 δή
735 2606 882 2691 posuisse
897 2605 1034 2670 alterum
1049 2606 1096 2666 καί
1106 2605 1295 2691 Ljungdahl
1309 2627 1341 2692 p.
1354 2605 1397 2669 42
1413 2606 1519 2688 docet,

127 2707 222 2795 quod,
242 2718 279 2773 ut
293 2708 389 2774 huius
404 2709 513 2775 verbis
529 2718 611 2792 utar,
627 2731 724 2772 uuum
740 2709 877 2794 aliquem
891 2709 1044 2774 1111011111
1060 2708 1181 2796 efferret
1196 2721 1225 2774 et
1244 2713 1279 2773 io
1298 2710 1393 2775 simili
1411 2733 1520 2797 perere

127 2835 194 2876 111111
207 2813 368 2898 prioribus
387 2815 507 2877 uersari
525 2813 721 2900 sipaifiouret,
739 2813 911 2896 1111136,
927 2813 998 2877 ΠΙΙ
1013 2813 1065 2896 40,
1082 2813 1149 2878 VH
1165 2814 1217 2896 66,
1233 2813 1317 2878 VIII
1332 2814 1384 2900 24,
1400 2814 1451 2878 XI
1466 2815 1518 2901 21,

128 2918 179 3000 36,
195 2917 247 3000 49,
263 2917 329 2980 XV
347 2918 417 2995 191,
435 2917 535 2982 XVII
550 2918 602 3003 29,
618 2917 704 2985 XXI
719 2917 770 2982 20.
796 2927 950 3002 ceterum,
973 2919 1059 3004 quod
1073 2917 1161 2982 idem
1173 2918 1361 3003 Ljungdahl
1376 2919 1519 2985 animad-

127 3024 234 3107 vertit,
251 3043 357 3109 neque
373 3024 436 3084 aas
451 3043 605 3108 umquam
622 3021 771 3087 adhibuit
787 3022 948 3087 Isocrates
968 3044 1074 3108 neque
1094 3024 1128 3105 γὲ
1147 3022 1276 3087 adiecit.
1308 3023 1394 3109 quod
1409 3031 1519 3088 autem

127 3125 179 3188 III
198 3126 237 3190 16
259 3125 363 3191 solum
385 3127 431 3189 aui
455 3128 505 3204 μὲν
526 3128 560 3204 δή
581 3127 719 3213 scripsit,
742 3149 781 3192 ca
801 3127 843 3192 de
866 3149 965 3192 eausa
986 3129 1099 3213 opinor
1118 3127 1205 3210 feeit,
1227 3127 1313 3212 quod
1332 3126 1427 3214 paulo
1447 3137 1519 3214 post

128 3230 218 3295 aliud
232 3234 279 3292 aut
295 3233 447 3316 sequitur.
479 3255 522 3296 ex
538 3233 654 3296 ceteris
671 3231 853 3296 oratoribus
870 3232 983 3297 Isacus
1003 3230 1245 3296 memorabilem
1260 3231 1367 3297 locum
1387 3231 1521 3298 exhibet

128 3335 162 3400 X
181 3335 229 3418 12,
253 3335 310 3401 ubi
332 3338 366 3418 γὲ
388 3335 554 3422 particulis
577 3336 624 3398 καὶ
644 3338 745 3414 μὲνδὴ
767 3336 1027 3422 1111111011111.
1059 3335 1146 3401 nullo
1169 3359 1246 3402 vero
1270 3336 1341 3402 loco
1357 3344 1520 3402 oratorum

127 3440 319 3523 Atticorum,
335 3441 369 3504 id
384 3440 471 3526 quod
488 3439 642 3506 Gebauer
656 3443 689 3505 in
705 3441 756 3505 ed.
769 3441 849 3526 Lys.
862 3463 894 3526 p.
907 3440 970 3504 229
987 3439 1183 3524 observavit,
1199 3441 1336 3526 legimus
1355 3443 1402 3503 sai
1417 3444 1453 3519 μὲ
1485 3445 1518 3519 δὴ

126 3545 189 3607 καὶ.
203 3594 208 3606 .
221 3549 281 3630 .γὲ,
299 3567 381 3630 quac
396 3545 576 3631 particulae
598 3548 788 3610 coniunctae
811 3555 885 3609 sunt
899 3545 982 3610 Plat.
996 3544 1096 3629 Gorg.
1108 3544 1211 3629 5071),
1228 3545 1270 3610 de
1284 3568 1352 3632 rep.
1369 3545 1401 3609 V
1416 3545 1517 3611 4645.

126 3648 310 3735 Xenophon
323 3648 462 3736 denique
474 3650 600 3716 duobus
616 3650 839 3717 tantummodo
850 3649 930 3724 locis
942 3650 989 3712 καὶ
1001 3652 1052 3729 μὲν
1065 3651 1098 3728 δὴ
1110 3653 1156 3712 καί
1172 3652 1301 3736 scripsit
1313 3652 1424 3736 eisque
1441 3648 1519 3714 sede

125 3757 210 3819 inter
226 3777 259 3819 se
276 3756 409 3820 vicinis:
425 3753 501 3840 (lyr.
516 3753 600 3818 VIII
615 3756 645 3838 4,
662 3754 681 3817 8
699 3764 732 3818 et
748 3755 798 3818 17.

229 3858 291 3923 His
306 3860 472 3945 particulis
488 3859 697 3924 subiciendae
713 3857 865 3924 videntur
880 3862 970 3922 ἀλλὰ
985 3863 1024 3938 δή
1041 3869 1073 3924 et
1088 3862 1178 3923 ἀλλὰ
1194 3861 1252 3939 μὲν
1269 3863 1316 3939 δή.
1349 3880 1431 3944 quae
1447 3881 1520 3944 par-

126 3964 245 4030 ticulae
269 3987 465 4053 quamquam
487 3963 530 4030 ab
546 3963 712 4030 Herodoto
734 3973 833 4049 atque
856 3967 967 4048 etiam,
995 3966 1022 4028 si
1045 3965 1147 4030 Thuc.
1165 3964 1213 4029 VI
1232 3963 1288 4048 38,
1313 3964 1334 4029 5
1354 3964 1445 4048 (ἀλλὰ
1469 3963 1517 4050 δή)

126 4176 170 4226 des
186 4175 340 4228 Godanlcerre
351 4177 473 4243 sopor—bis
482 4193 528 4226 zur
537 4176 684 4242 Bedeutaay
693 4178 759 4225 einer
770 4175 864 4225 thesea
873 4174 1031 4241 Aahiinpreb
1041 4179 1219 4242 cummopere,
1230 4176 1302 4225 horsa
1310 4177 1346 4224 im
1354 4175 1519 4242 aliqanetoen

126 4265 166 4314 als
177 4265 268 4330 ricbtip
278 4264 365 4330 quiea.

231 4351 250 4415 1)
264 4351 318 4401 Ubi
336 4366 506 4418 nequaquam
523 4349 563 4400 καί
580 4356 643 4401 ante
660 4353 701 4415 τῆς
714 4349 798 4419 χρείας
811 4352 927 4417 positum
946 4351 1115 4401 referendum
1129 4354 1169 4400 est
1180 4350 1214 4400 ad
1227 4351 1336 4399 tertium
1349 4347 1390 4398 aul
1401 4354 1465 4400 ante
1477 4352 1518 4413 τῆς

126 4437 238 4499 Λυκίνου,
258 4440 323 4504 quia
339 4439 421 4490 verba
438 4441 479 4502 τῆς
497 4435 580 4506 χρεῑας
597 4441 639 4502 τῆς
657 4435 715 4507 ἐμῆς
734 4436 775 4487 καὶ
791 4441 832 4502 τῆς
845 4437 947 4488 Λυκίνου
965 4454 1046 4489 unam
1063 4438 1231 4503 eandemque
1247 4436 1370 4487 efficiunt
1381 4438 1518 4487 notionem

128 4524 348 4590 (familiaritatem
366 4525 527 4590 significant,
545 4541 615 4593 quae
631 4528 702 4575 inter
719 4527 805 4592 ipsum
820 4532 846 4576 et
858 4527 991 4592 Lycinum
1007 4523 1212 4587 intercedebat),
1230 4539 1299 4591 quae
1311 4523 1387 4575 nullo
1400 4528 1478 4590 paeto
1491 4526 1519 4574 in

127 4612 193 4663 duas
205 4617 295 4679 partes
307 4611 461 4663 divellenda
473 4618 521 4662 est.
