3225 5092
84 220 127 284 92

190 411 243 475 Ad
266 410 401 475 duorum
422 433 675 497 synonymorum
697 415 953 478 coniunctionem
974 414 1196 499 pleonasmum
1218 408 1415 480 efficientem
1435 438 1483 479 16-

86 515 221 579 ferenda
242 518 337 580 etiam
357 517 486 581 videtur
502 517 735 581 vocabulorum
752 519 938 582 ‘certamen'
956 527 989 581 et
1005 519 1211 604 ‘congressio’
1228 541 1303 583 cum
1322 523 1484 604 genetivis

86 619 181 683 ‘belli'
199 620 252 683 vel
268 621 400 706 ‘proelii’
417 623 578 704 iunctura,
600 641 683 708 quac
704 623 792 708 apud
813 623 892 687 alios
909 623 1040 709 quidem
1059 625 1201 689 occurrit
1220 627 1403 710 scriptores,
1424 626 1482 689 666

85 723 173 810 apud
189 725 348 789 Iustinum
365 724 625 810 frequentissima
640 737 697 790 est.
731 750 805 793 cum
824 736 934 792 autem
953 751 992 792 ea
1012 730 1096 792 inter
1111 729 1169 792 has
1185 750 1282 792 voces
1302 730 1485 794 intercedat

85 831 176 911 ratio,
197 840 233 893 ut
252 830 457 913 ‘congressio'
474 830 527 894 vel
549 833 734 896 ‘certamen'
755 842 882 918 partem
903 832 1024 896 efficiat
1043 835 1090 896 161
1110 835 1207 897 totius
1228 833 1259 897 h.
1274 857 1301 898 e.
1315 833 1412 898 ‘belli'
1428 834 1483 898 vel

86 936 219 1019 ‘proelii'
244 935 342 1020 (quae
362 934 524 1000 vocabula
547 936 588 1001 ab
611 936 731 1000 Iustino
756 939 943 1022 saepissime
967 937 1105 1002 alterum
1125 959 1183 1023 pro
1208 937 1310 1003 altero
1333 943 1485 1023 usurpari

86 1039 190 1103 obiter
209 1048 336 1104 tantum
355 1039 487 1122 adnot03
512 1042 552 1105 cf.
571 1041 816 1126 Fittbogenium
836 1041 878 1105 ad
900 1042 930 1124 2,
948 1042 977 1124 6,
998 1042 1062 1127 16),
1082 1042 1239 1107 alterutra
1260 1065 1343 1108 voce
1365 1046 1485 1108 omissa

85 1143 165 1208 nihil
185 1142 366 1208 detrahitur
385 1143 426 1206 dc
447 1147 606 1210 sententia
626 1145 724 1231 idque
745 1168 782 1210 6ο
803 1147 920 1230 161666,
941 1146 1028 1231 6666
1048 1145 1237 1231 plerumque
1258 1149 1375 1211 iamin
1396 1157 1485 1212 ante-

86 1248 277 1314 cedentibus
298 1251 404 1332 agitur
424 1248 465 1313 de
485 1249 580 1314 bello.
612 1273 650 1314 ac
674 1260 747 1315 sunt
766 1251 911 1336 profecto
936 1250 1079 1315 nonnulli
1099 1250 1175 1333 loci,
1199 1251 1256 1316 ubi
1280 1251 1485 1316 substantivo

88 1353 293 1436 ‘congressio'
310 1355 452 1436 genetivi
469 1353 564 1418 ‘belli'
581 1355 634 1419 vel
651 1356 781 1441 ‘proelii'
798 1377 863 1421 non
879 1355 1072 1420 adiciuntur.
1100 1359 1210 1441 itaque
1225 1359 1289 1421 iam
1305 1378 1488 1443 proponam

86 1458 182 1538 locos,
205 1456 322 1542 quibus
338 1460 480 1542 genetivi
500 1461 706 1526 abundanter
725 1462 946 1545 adponuntur:
967 1461 997 1542 2,
1010 1461 1040 1541 3,
1057 1462 1093 1523 11
1116 1460 1203 1526 ‘belli
1224 1461 1409 1542 certamen',
1432 1461 1486 1542 17,

86 1561 178 1644 3,16
203 1561 372 1627 ‘bellorum
395 1563 645 1647 certaminibus’,
673 1565 724 1648 20,
745 1564 775 1648 5,
799 1565 838 1628 14
862 1565 948 1629 ‘belli
976 1564 1227 1646 certaminibus',
1254 1565 1285 1646 4,
1305 1566 1335 1649 6,
1358 1565 1374 1628 1
1400 1569 1486 1629 ‘con-

87 1668 250 1750 gressione
271 1659 397 1732 navalis
422 1670 626 1748 certaminis’,
650 1668 894 1750 2,12,8(6616
917 1667 1042 1732 navalis
1065 1669 1177 1755 proelii
1202 1670 1487 1754 congressionem',

87 1771 138 1854 22,
152 1773 215 1849 3,9
237 1771 359 1856 ‘proelii
381 1773 587 1856 congressio’,
609 1773 659 1852 39,
673 1773 702 1856 3,
719 1773 758 1836 12
778 1774 928 1858 ‘repetita
946 1774 1060 1858 proelii
1081 1774 1327 1857 congressione',
1350 1772 1399 1858 16,
1419 1775 1446 1857 1,
1465 1775 1488 1836 6

87 1878 202 1960 ‘prima
217 1875 295 1942 belli
311 1878 555 1960 congressione'.
583 1876 632 1941 his
643 1879 742 1962 igitur
754 1876 913 1962 exemplis
925 1879 1082 1962 respectis
1097 1899 1193 1943 nemo
1208 1877 1409 1942 adsentietur
1424 1878 1486 1959 eis,

87 1985 141 2067 qui
164 1982 215 2064 31,
233 1982 263 2064 6,
280 1982 301 2047 5
322 1982 470 2046 codicum
491 1981 547 2045 ΤΡ
566 1964 804 2067 amplectuntur
825 1983 1018 2066 scripturam
1039 1983 1153 2065 ‘prima
1173 1981 1249 2046 belli
1271 1981 1486 2047 condicione'.

85 2089 181 2149 immo
198 2085 352 2151 Ruehlius
368 2086 554 2171 probandus
571 2097 629 2168 est,
646 2089 700 2172 qui
717 2109 760 2150 ex
775 2085 942 2150 codicibus
958 2084 1002 2149 01
1017 2108 1130 2149 veram
1144 2087 1284 2149 restituit
1298 2086 1487 2151 lectionem:

87 2192 202 2274 ‘prima
216 2189 292 2254 belli
314 2191 559 2274 congressione'.
592 2212 690 2275 quam
704 2190 876 2255 lectionem
892 2191 918 2253 si
934 2191 1063 2275 Iecpius
1078 2191 1271 2275 impugnare
1288 2189 1395 2254 studet
1411 2190 1487 2254 loco

87 2296 141 2379 qui
162 2293 372 2378 66138,1,6,
394 2293 525 2358 collato:
547 2297 644 2358 ‘nuno
664 2317 698 2357 se
720 2295 881 2358 diversam
902 2293 978 2359 belli
997 2293 1219 2357 condicionem
1240 2294 1387 2379 ingredi',
1407 2293 1489 2358 huic

86 2400 155 2463 loco
174 2401 311 2483 primum
327 2398 422 2482 longe
438 2398 501 2463 alia
516 2401 600 2463 inest
616 2402 784 2481 sententia,
802 2398 920 2462 deinde
936 2401 963 2461 is
974 2420 1015 2461 66
1031 2400 1173 2483 pertinet
1188 2398 1320 2482 quidem
1335 2399 1378 2464 ad
1389 2400 1488 2463 Iusti-

87 2525 181 2584 num,
206 2508 280 2587 quia
303 2526 345 2566 ex
367 2507 511 2568 oratione
531 2503 727 2569 Mithridatis
753 2504 796 2568 ad
819 2503 933 2568 milites
954 2502 1065 2567 habita
1089 2502 1280 2588 desumptus
1301 2515 1363 2586 cst,
1386 2525 1490 2589 quam

86 2606 185 2690 Trogi
206 2607 340 2692 Pompei
364 2629 434 2672 6666
458 2618 585 2674 constat
604 2609 830 2692 fragmentum.
868 2617 1011 2670 ceterum
1036 2608 1077 2671 cf.
1096 2606 1209 2672 Ruehl.
1229 2606 1486 2692 ‘Teatesquellen'

86 2734 118 2796 p.
137 2711 198 2774 106
216 2733 261 2796 sq.
297 2713 362 2775 iam
389 2735 444 2777 eos
468 2713 625 2777 'subiciam
653 2713 754 2795 locos,
782 2711 899 2797 quibus
921 2712 1125 2794 ‘congressio'
1149 2713 1310 2796 reperitur
1330 2712 1486 2796 genetivo

86 2838 149 2881 non
162 2816 329 2880 adiuncto:
346 2817 375 2898 2,
391 2816 440 2898 14,
455 2815 487 2897 8,
505 2816 646 2901 8,1,12,
666 2818 758 2901 11,6,
774 2816 829 2898 10,
848 2815 896 2899 12,
910 2815 940 2893 8,
953 2816 988 2894 4,
1005 2815 1055 2896 36,
1069 2815 1099 2896 4,
1112 2816 1146 2895 9,
1164 2815 1215 2896 38,
1228 2815 1258 2897 9,
1272 2815 1306 2885 2,
1324 2815 1375 2899 38,
1390 2814 1438 2892 10,
1450 2815 1487 2878 5.

191 2921 351 3014 Quoniam
364 2921 410 2996 ¹ad
422 2922 538 2985 Iustini
551 2925 705 2986 sermonis
717 2920 951 2986 abundantiam
968 2919 1100 3003 delapsa
1113 2929 1163 2982 est
1178 2919 1361 3004 disputatio,
1378 2941 1488 3004 pauca

86 3024 164 3088 mihi
179 3025 274 3088 liceat
291 3024 413 3090 addere
430 3024 587 3110 exempla,
609 3025 776 3111 inquibus
793 3024 1041 3104 substantivum,
1063 3023 1148 3087 unde
1164 3023 1287 3110 pendet
1301 3025 1487 3107 genetivus,

87 3150 303 3212 synonymum
319 3129 449 3214 quidem
465 3151 529 3193 non
546 3139 602 3208 est,
624 3129 682 3192 sed
697 3138 806 3193 tamen
821 3129 908 3192 idem
925 3126 1070 3192 declarat
1085 3128 1172 3212 quod
1193 3127 1392 3192 adiectivum
1408 3149 1488 3190 cum

86 3235 237 3314 genetivo
255 3235 474 3297 coniunctum:
499 3233 547 3317 ll,
568 3234 595 3318 1,
612 3232 633 3296 5
654 3235 788 3306 ‘initium
809 3231 1026 3318 impendentis
1045 3233 1179 3316 ruinae',
1201 3231 1487 3314 1668166666-

87 3359 182 3400 66666
194 3340 364 3401 continuae
377 3336 561 3420 felicitatis’,
577 3337 629 3421 26,
645 3339 702 3418 1,4
719 3337 931 3402 ‘turbatarum
947 3337 1189 3420 provinciarum
1205 3336 1346 3416 motum’,
1362 3334 1414 3416 26,
1425 3335 1488 3415 3,6

88 3440 216 3504 ‘damna
232 3445 367 3505 amissae
384 3440 534 3526 Siciliae’,
551 3443 602 3523 43,
616 3442 645 3525 6,
659 3442 679 3505 3
697 3441 748 3506 ‘ab
764 3443 853 3505 initio
867 3440 1016 3505 conditae
1028 3439 1136 3504 urbis’.
1161 3439 1225 3504 huc
1237 3441 1376 3525 pertinet
1387 3441 1489 3502 etiam

86 3547 256 3628 genetivus
277 3546 450 3631 qualitatis
473 3569 570 3633 quem
590 3548 726 3630 legimus
747 3546 798 3628 30,
816 3547 845 3624 4,
866 3546 901 3609 11
928 3549 1038 3628 ‘puero
1059 3546 1250 3610 immaturae
1271 3543 1406 3620 aetatis,
1429 3542 1488 3608 ubi

88 3649 272 3714 Schefferus
287 3649 366 3714 illud
383 3652 503 3736 ‘puero'
521 3651 705 3736 glossatoris
722 3672 791 3714 esse
809 3651 958 3736 opinatus
975 3657 1033 3712 est.

568 3903 621 3976 ,De
637 3901 795 3970 genetivo
811 3902 994 3958 obiectivo.

190 4069 223 4134 Si
231 4071 317 4132 inter
324 4070 510 4152 genetivum
519 4077 552 4131 et
561 4067 809 4152 substantivum,
823 4068 907 4152 quod
917 4089 1032 4151 regens
1045 4066 1172 4147 dicitur,
1186 4066 1300 4130 eadem
1312 4065 1488 4129 intercedit

88 4176 169 4238 ratio
186 4197 269 4260 6666
281 4176 365 4238 inter
377 4172 538 4237 obiectum
551 4182 583 4235 et
594 4175 763 4254 actionem,
780 4194 844 4257 qua
860 4172 893 4235 id
909 4172 1070 4254 adficitur,
1086 4173 1274 4256 genetivum
1286 4170 1484 4234 obiectivum

87 4288 231 4342 statuunt
242 4280 453 4362 grammatici.
477 4278 539 4341 bac
552 4286 660 4341 autem
673 4279 960 4361 grammaticorum
972 4276 1207 4361 significatione
1219 4277 1384 4339 tritissima
1394 4296 1484 4356 usus,

86 4405 126 4445 ne
143 4383 213 4467 quis
228 4381 310 4445 falso
331 4381 449 4446 dehac
469 4404 504 4445 re
524 4402 576 4446 me
595 4381 741 4444 iudicare
761 4383 919 4467 opinetur,
940 4381 1062 4444 diserte
1083 4381 1235 4466 profiteor
1255 4401 1318 4443 non
1340 4380 1485 4463 genetivi

86 4487 219 4568 ratione,
236 4487 262 4549 si
277 4509 336 4572 per
351 4508 385 4550 66
402 4487 611 4572 spectaveris,
628 4484 765 4550 indicari
781 4507 898 4550 nomen
913 4487 947 4548 in
962 4487 1112 4568 genetivo
1128 4486 1266 4569 positum
1283 4505 1341 4568 pro
1357 4482 1485 4548 obiecto

85 4590 282 4656 substantivi
297 4593 438 4675 regentis
454 4591 541 4675 quod
557 4599 691 4655 vocatur
705 4590 933 4675 accipiendum
949 4613 1030 4671 esse,
1051 4588 1110 4652 sed
1125 4589 1275 4674 genetivo
1296 4587 1376 4652 nihil
1396 4587 1487 4652 aliud
