3225 5092
98 245 159 308 102

96 437 145 518 13,
161 435 199 500 17
217 435 406 523 (1551151111),
423 438 452 515 2,
466 437 529 523 3,9
546 437 611 521 l‘de
626 438 771 502 adventu
785 429 906 523 regis').
937 461 1077 503 memor
1097 462 1123 504 5.
1136 462 1225 524 gen:
1241 441 1271 522 2,
1284 440 1314 524 8,
1330 443 1345 504 1
1364 440 1487 526 (‘belli';

94 541 234 606 ‘bellum'
250 541 340 628 ΕΠ),
357 543 386 623 5,
404 544 431 619 1,
446 541 479 622 7,
495 542 547 624 42,
561 542 638 624 3,4,
654 545 731 607 11551
747 545 944 608 immemor
959 543 1032 628 9,3,
1047 545 1102 627 10,
1118 548 1295 610 55555155
1316 568 1343 610 c.
1356 567 1440 630 gen:
1459 549 1487 631 1,

94 644 192 726 9,19;
212 646 243 730 2,
257 647 286 731 9,
306 647 326 710 3
346 645 412 732 (11,
429 647 459 730 2,
479 647 527 732 1),
550 646 599 728 15,
619 647 648 729 3,
665 646 695 712 3.
731 647 780 711 his
799 649 897 731 igitur
916 647 1085 712 adiectivis
1105 649 1247 714 Iustinus
1266 652 1312 713 ita
1332 672 1409 714 usus
1429 660 1487 734 551,

93 759 128 811 51
143 749 223 813 11555
239 773 258 814 5
274 750 484 836 scriptoribus
501 753 627 836 optimis
644 753 832 816 constitutos
848 761 1002 817 tueretur.
1033 773 1112 836 quos
1131 756 1197 818 iam
1217 754 1391 838 egreditur,
1412 778 1487 819 cum

92 854 255 919 adiectiva
275 877 395 939 sagax
410 863 443 918 et
459 854 597 920 dubius
619 877 692 920 cum
707 857 859 938 genetivo
875 858 1041 938 construit,
1059 858 1099 922 cf.
1113 857 1208 942 3112,
1222 858 1241 920 8
1258 859 1487 943 ‘prodigiorum

93 959 318 1040 sagacissimus
335 960 413 1022 erat'
430 959 572 1045 (praeter
587 961 782 1044 genetivum,
800 962 855 1046 qui
871 961 901 1023 ei
919 961 1098 1026 communis
1114 971 1163 1025 est
1179 984 1253 1027 cum
1263 963 1398 1028 Horatio
1410 963 1487 1028 Silio

92 1059 269 1126 Columella
290 1063 476 1144 Ammiano,
500 1065 771 1149 praepositionem
792 1065 845 1127 ‘in'
865 1075 1001 1151 usurpat
1023 1068 1051 1148 1,
1068 1066 1098 1147 9,
1118 1066 1159 1129 14
1179 1068 1260 1131 ‘viro
1282 1068 1383 1132 nobili
1404 1080 1436 1132 et
1453 1071 1487 1133 in

91 1169 277 1231 coniectura
301 1167 548 1252 sagacissimo'),
576 1169 606 1250 2,
634 1169 683 1250 13,
710 1171 725 1230 1
751 1168 897 1233 ‘dubium
925 1170 1048 1234 consilii
1067 1171 1201 1235 Xerxen
1221 1172 1411 1237 Mardonius
1434 1174 1488 1238 ad-

91 1270 256 1354 greditur,
278 1294 360 1356 quae
377 1274 572 1336 constructio
589 1295 785 1358 quamquam
805 1274 893 1358 apud
910 1274 1095 1340 Sallustium
1110 1275 1194 1340 Hist.
1208 1276 1238 1357 3,
1251 1275 1290 1338 81
1308 1285 1341 1339 51
1355 1277 1487 1341 Livium

92 1375 142 1459 33,
156 1375 240 1457 25,5
261 1376 390 1441 obviarn
410 1376 459 1458 fit,
481 1386 590 1442 tamen
609 1379 755 1462 inprimis
778 1401 798 1442 a
822 1380 933 1463 poetis,
955 1379 1098 1462 Vergilio
1117 1379 1252 1444 Horatio
1271 1379 1389 1445 Ovidio
1411 1382 1487 1446 Silio

91 1480 218 1564 italice,
246 1487 277 1542 et
303 1480 512 1565 scriptoribus
535 1482 693 1545 inferioris
716 1485 831 1546 aetatis
854 1482 1091 1567 frequentatur,
1119 1484 1160 1546 cf.
1180 1483 1277 1569 Apul.
1298 1484 1376 1549 Met.
1396 1485 1426 1567 5,
1448 1486 1488 1549 28

92 1583 237 1648 ‘dubium
258 1585 390 1666 salutis',
411 1584 579 1650 Claudiam
593 1586 742 1650 Mamert.
761 1586 801 1649 de
823 1596 908 1650 statu
927 1590 1054 1651 animae
1074 1587 1118 1668 ΙΙ,
1136 1588 1156 1650 3
1175 1611 1206 1673 p.
1222 1588 1281 1651 101
1302 1588 1488 1675 (Engelbr.)

92 1687 217 1752 ‘dubios
232 1687 365 1772 proelii'.
394 1688 426 1774 5)
442 1690 641 1774 particeps
662 1712 689 1753 c.
703 1712 787 1773 gen:
806 1691 834 1774 1,
847 1691 877 1770 4,
891 1690 925 1769 6,
947 1691 976 1773 8,
989 1692 1019 1772 3,
1035 1691 1089 1773 10,
1108 1692 1157 1773 11,
1171 1691 1200 1772 3,
1214 1691 1247 1773 8,
1269 1713 1414 1778 expers
1435 1696 1486 1780 31,

91 1791 121 1873 4,
135 1791 164 1854 9.
196 1791 232 1878 d)
248 1791 386 1878 plenus
406 1816 433 1857 c.
446 1815 531 1877 gen:
544 1793 573 1878 9,
587 1793 617 1875 8,
634 1793 686 1874 10,
706 1795 755 1876 11,
770 1793 799 1876 8,
813 1796 847 1875 3,
866 1794 915 1877 14,
928 1795 959 1876 4,
974 1796 1028 1875 15,
1044 1797 1120 1859 item
1135 1797 1245 1881 inops
1260 1796 1311 1879 39,
1325 1798 1355 1883 2,
1367 1799 1398 1863 5.
1433 1800 1488 1863 ad-

90 1899 244 1960 iectivum
264 1898 430 1962 refertus
451 1899 612 1984 plerisque
632 1899 763 1984 quidem
777 1900 857 1964 locis
878 1924 951 1965 cum
970 1901 1112 1966 ablativo
1128 1912 1348 1967 constructum
1369 1906 1487 1988 reperi-

91 2023 175 2065 mus:
195 2001 244 2082 11,
259 2002 308 2078 14,
323 2001 377 2083 10,
398 2002 449 2086 24,
464 2003 492 2084 7,
505 2003 542 2085 4,
559 2003 610 2086 25,
626 2004 654 2088 1,
667 2004 696 2086 9,
715 2004 905 2087 55112,14,6
919 2006 1085 2071 codicibus
1101 2008 1129 2070 Τ
1146 2015 1177 2070 51
1191 2011 1216 2070 Π
1228 2010 1398 2092 genetivus
1414 2033 1487 2095 sup·

91 2105 268 2190 peditatur:
286 2106 403 2170 ‘castra
418 2107 540 2171 referta
554 2108 672 2192 regalis
688 2110 870 2195 opulentiae
887 2110 1003 2195 capta’.
1034 2132 1141 2196 neque
1158 2134 1219 2196 ego
1235 2132 1387 2197 spernam
1402 2114 1487 2177 hanc

92 2211 299 2294 scripturam,
325 2232 521 2296 quamquam
542 2210 582 2274 de
603 2234 642 2276 ea
663 2221 750 2277 certo
773 2213 910 2277 iudicari
930 2237 993 2279 non
1015 2238 1109 2300 posse
1128 2216 1289 2299 profiteor.
1325 2239 1401 2281 nam
1422 2240 1487 2281 non

92 2313 194 2378 solum
210 2316 242 2376 in
259 2314 321 2377 hac
336 2314 450 2378 Instini
466 2317 571 2400 operis
587 2315 681 2401 parte¹
696 2317 808 2380 codice
824 2316 850 2381 C
867 2339 1024 2403 caremus,
1045 2319 1102 2382 sed
1124 2321 1220 2384 etiam
1240 2319 1393 2386 librorum
1409 2343 1486 2386 mss,

92 2417 225 2482 Italicae
247 2418 359 2482 classis
380 2418 525 2483 destituti
546 2441 655 2484 sumus
679 2420 811 2504 auxilio,
836 2425 911 2506 quia
930 2424 1051 2487 maiore
1071 2424 1241 2489 deformati
1265 2434 1340 2488 sunt
1359 2425 1486 2509 lacuna,

92 2522 673 2607 51115551.Τ5111555551155115511111.
694 2548 726 2610 p.
747 2526 818 2611 120,
839 2526 914 2591 adn.
934 2528 962 2592 1.
994 2528 1051 2591 sed
1072 2531 1197 2593 etiamsi
1217 2532 1387 2612 nescimus,
1408 2531 1487 2616 quid

91 2626 238 2690 hocloco
254 2628 462 2712 praebuerint
477 2627 503 2692 O
520 2637 552 2692 et
566 2629 592 2710 I,
614 2652 677 2693 non
693 2640 801 2694 tamen
819 2630 973 2695 credibile
994 2641 1043 2695 est
1057 2633 1205 2698 librarios
1222 2656 1264 2697 ex
1280 2657 1337 2698 suo
1353 2634 1488 2698 arbitrio

91 2733 278 2814 genetivum
293 2733 448 2798 intulisse.
480 2756 584 2818 neque
603 2744 659 2816 est,
681 2736 767 2821 quod
788 2738 966 2820 cogitemus
983 2736 1023 2802 de
1043 2738 1161 2801 mendo
1181 2762 1259 2803 casu
1280 2749 1357 2804 5115.
1389 2742 1487 2804 115515

91 2837 278 2918 genetivum
288 2838 429 2901 Iustinus
442 2840 609 2923 scripsisse
618 2840 755 2921 videtur,
765 2850 801 2904 ut
810 2843 971 2924 ingratum
980 2842 1157 2907 earundem
1165 2843 1363 2928 syllabarum
1371 2867 1489 2908 sonum

92 2941 242 3025 evitaret,
265 2941 299 3004 id
323 2941 409 3026 quod
431 2941 592 3007 Krebsius
613 2943 794 3029 (Antibarb.
814 2946 845 3006 d.
862 2944 918 3007 lat.
936 2945 1007 3030 Spr.
1027 2946 1077 3010 ed.
1091 2946 1131 3028 V,
1152 2969 1183 3031 p.
1204 2946 1300 3033 1001)
1320 2958 1408 3013 15515
1431 2949 1487 3013 ob-

8 3125 9 3132 ,
92 3045 243 3110 servavit.
282 3046 572 3130 quodsiRuehlius
594 3047 1168 3131 015515512,1131151511555515
1189 3051 1332 3116 ablativo
1353 3054 1488 3137 iungere

90 3148 178 3231 dicit,
195 3149 229 3212 id
245 3149 286 3213 ad
303 3151 388 3214 hunc
403 3151 510 3216 locum
525 3174 564 3215 ea
580 3152 621 3215 de
638 3174 737 3216 causa
752 3175 815 3216 non
831 3161 955 3218 tantum
971 3155 1080 3218 valere
1096 3156 1245 3237 arbitror,
1262 3159 1338 3241 quia
1353 3157 1405 3221 ille
1421 3181 1488 3221 non

90 3252 193 3318 verba
215 3255 294 3338 ipsa,
323 3276 406 3339 quae
430 3257 558 3340 scripsit
581 3257 732 3337 Iustinus,
759 3256 817 3319 sed
841 3279 879 3320 ea
903 3258 1043 3342 quodam
1068 3259 1162 3322 modo
1184 3270 1307 3323 mutata
1327 3262 1488 3326 reddidit:

91 3359 208 3422 ‘eastra
222 3359 320 3442 regiis
336 3359 451 3444 opibus
468 3359 588 3422 referta
612 3360 787 3443 ceperunt’.
813 3382 982 3445 quaecum
998 3363 1043 3424 ita
1059 3358 1132 3443 sint,
1150 3385 1209 3426 cur
1223 3364 1312 3448 apud
1327 3365 1489 3430 Iustinum
1524 3394 1527 3403 ⁴

91 3461 193 3525 verba
214 3463 342 3546 ‘regalis
363 3464 555 3548 opulentiae'
577 3466 610 3527 in
632 3465 743 3547 ‘regali
765 3466 936 3550 opulentia’
959 3475 1134 3550 mutemus,
1158 3491 1222 3532 non
1245 3469 1406 3554 intellege.
1437 3473 1490 3536 in-

92 3566 290 3656 satiabilis
308 3569 336 3649 1,
347 3567 376 3645 8,
389 3568 539 3632 13155155
556 3567 749 3654 (sanguinis)
766 3570 958 3634 insatiabilis
974 3593 1102 3655 semper·
1118 3572 1227 3637 fuisti'.
1254 3576 1397 3656 genetivi
1413 3577 1491 3640 huic

90 3669 250 3734 adiectivo
274 3671 377 3736 additi
400 3670 550 3757 exempla
574 3682 703 3736 exstant
725 3674 813 3758 apud
835 3673 910 3738 sen.
928 3674 970 3737 ad
990 3674 1105 3759 Polyb.
1125 3676 1165 3739 de
1187 3699 1273 3740 cons.
1294 3680 1343 3760 11,
1363 3679 1392 3763 1,
1414 3679 1488 3744 Val.

90 3774 178 3838 Max.
192 3775 221 3856 8,
235 3775 283 3852 14,
297 3775 327 3852 2,
348 3774 441 3840 Oros.
455 3776 485 3859 5,
506 3777 554 3853 19,
574 3776 625 3840 24.
656 3776 765 3840 ferax
786 3800 813 3840 c.
831 3799 915 3860 gen:
940 3778 971 3862 2,
991 3777 1071 3860 1,8,
1092 3780 1123 3863 4,
1140 3779 1170 3857 2,
1190 3781 1223 3863 3,
1244 3782 1297 3866 44,
1317 3785 1345 3866 1,
1363 3783 1393 3846 6.
1424 3782 1489 3848 1155

90 3879 295 3963 adiectivum,
314 3903 452 3966 quocum
467 3882 562 3967 primi
578 3881 731 3946 Horatius
748 3891 779 3944 et
794 3881 930 3947 Ovidius
945 3884 1132 3966 genetivum
1149 3887 1394 3969 coniunxerunt,
1409 3887 1490 3951 inde

89 4006 109 4047 a
124 3984 219 4049 Livio
240 3988 337 4050 etiam
357 3986 391 4048 in
411 4007 508 4069 prosa
528 3987 670 4061 oratione
694 3985 848 4050 55151155
869 4008 947 4050 casu
968 3987 1147 4073 copulatur,
1169 3988 1488 4074 51.Ι115.9,10,19,

89 4088 175 4152 Flor.
188 4087 218 4172 2,
233 4089 261 4167 1,
280 4089 309 4153 3.
346 4091 409 4154 iam
429 4092 576 4154 venimus
596 4090 639 4154 ad
659 4090 855 4175 exemplum,
877 4092 909 4154 in
930 4112 993 4174 quo
1014 4113 1111 4176 quam
1131 4095 1369 4157 amantissimus
1389 4094 1489 4159 fuerit

89 4193 232 4257 Iustinus
249 4194 494 4257 constructionis
510 4195 696 4276 variandae,
717 4194 898 4259 luculenter
915 4197 1064 4259 cernitur.
1096 4199 1214 4261 etenim
1230 4197 1282 4279 44,
1296 4198 1325 4278 3,
1337 4198 1359 4259 4
1373 4200 1407 4262 15
1422 4219 1491 4264 uno

89 4295 269 4382 eodemque
286 4297 450 4361 enuntiato
466 4297 662 4363 adiectivum
682 4299 776 4363 uber
797 4307 829 4362 et
850 4321 924 4362 cum
939 4301 1089 4383 genetivo
1110 4309 1236 4364 etcum
1256 4301 1398 4366 ablativo
1414 4325 1491 4367 con·

88 4400 246 4484 iungitur:
264 4403 362 4486 ‘regio
378 4423 453 4466 cum
468 4405 551 4466 aeris
567 4426 606 4468 ac
622 4403 746 4489 plumbi
761 4403 926 4469 uberrima
941 4413 1010 4468 tum
1026 4414 1058 4468 et
1073 4405 1191 4468 minio’.
1215 4407 1371 4471 Ruehlius
1382 4407 1491 4472 Fabe-

88 4525 161 4568 rum
181 4513 311 4570 secutus
332 4514 443 4570 contra
463 4510 605 4572 omnium
626 4509 774 4574 codicum
794 4510 1018 4572 auctoritatem
1034 4508 1143 4572 ‘minii'
1160 4511 1297 4595 scripsit.
1329 4520 1362 4574 at
1380 4534 1490 4596 neque

89 4609 151 4673 hac
179 4631 258 4696 opus
286 4633 355 4674 esse
383 4612 568 4677 coniectura
593 4636 698 4699 neque
722 4611 897 4677 verborum
924 4613 1129 4677 distinctione
1152 4636 1172 4677 a
1195 4613 1360 4679 Scheffero
1383 4614 1490 4701 (apud
