<?xml version="1.0" encoding="UTF-8"?>
<!DOCTYPE html PUBLIC "-//W3C//DTD XHTML 1.0 Transitional//EN"
    "http://www.w3.org/TR/xhtml1/DTD/xhtml1-transitional.dtd">
<html xmlns="http://www.w3.org/1999/xhtml" xml:lang="en" lang="en">
 <head>
  <title>
</title>
<meta http-equiv="Content-Type" content="text/html;charset=utf-8" />
  <meta name='ocr-system' content='tesseract 3.04.00' />
  <meta name='ocr-capabilities' content='ocr_page ocr_carea ocr_par ocr_line ocrx_word'/>
</head>
<body>
  <div class='ocr_page' id='page_1' title='image "./dissertationesp06wiengoog_0143.png"; bbox 0 0 3225 5092; ppageno 0'>
   <div class='ocr_carea' id='block_1_1' title="bbox 88 183 150 248">
    <p class='ocr_par' dir='ltr' id='par_1_1' title="bbox 88 183 150 248">
     <span class='ocr_line' id='line_1_1' title="bbox 88 183 150 248; baseline 0.016 -2"><span class='ocrx_word' id='word_1_1' title='bbox 88 183 150 248; x_wconf 86' lang='lat'>132</span> 
     </span>
    </p>
   </div>
   <div class='ocr_carea' id='block_1_2' title="bbox 86 370 1482 670">
    <p class='ocr_par' dir='ltr' id='par_1_2' title="bbox 86 370 1482 670">
     <span class='ocr_line' id='line_1_2' title="bbox 87 370 1480 462; baseline 0 -22"><span class='ocrx_word' id='word_1_2' title='bbox 87 375 282 462; x_wconf 80' lang='lat' dir='ltr'>pendentem</span> <span class='ocrx_word' id='word_1_3' title='bbox 305 376 432 440; x_wconf 89' lang='lat' dir='ltr'>accedit</span> <span class='ocrx_word' id='word_1_4' title='bbox 455 370 639 460; x_wconf 68' lang='lat' dir='ltr'>genetivus}</span> <span class='ocrx_word' id='word_1_5' title='bbox 670 375 719 460; x_wconf 92' lang='lat'>14,</span> <span class='ocrx_word' id='word_1_6' title='bbox 739 375 769 456; x_wconf 84' lang='lat'>3,</span> <span class='ocrx_word' id='word_1_7' title='bbox 791 373 811 437; x_wconf 83' lang='lat'>8</span> <span class='ocrx_word' id='word_1_8' title='bbox 835 377 918 460; x_wconf 89' lang='lat' dir='ltr'>‘post</span> <span class='ocrx_word' id='word_1_9' title='bbox 940 382 987 439; x_wconf 92' lang='lat' dir='ltr'>tot</span> <span class='ocrx_word' id='word_1_10' title='bbox 1010 397 1111 439; x_wconf 92' lang='lat' dir='ltr'>annos</span> <span class='ocrx_word' id='word_1_11' title='bbox 1135 377 1341 440; x_wconf 90' lang='lat' dir='ltr'>emeritorum</span> <span class='ocrx_word' id='word_1_12' title='bbox 1363 379 1480 461; x_wconf 88' lang='lat' dir='ltr'>stipen-</span> 
     </span>
     <span class='ocr_line' id='line_1_3' title="bbox 86 478 1482 566; baseline 0 -22"><span class='ocrx_word' id='word_1_13' title='bbox 86 479 223 546; x_wconf 86' lang='lat' dir='ltr'>diorum&#39;</span> <span class='ocrx_word' id='word_1_14' title='bbox 238 502 297 565; x_wconf 90' lang='lat' dir='ltr'>pro</span> <span class='ocrx_word' id='word_1_15' title='bbox 314 482 370 544; x_wconf 85' lang='lat' dir='ltr'>‘tot</span> <span class='ocrx_word' id='word_1_16' title='bbox 385 482 477 544; x_wconf 91' lang='lat' dir='ltr'>annis</span> <span class='ocrx_word' id='word_1_17' title='bbox 492 489 565 566; x_wconf 91' lang='lat' dir='ltr'>post</span> <span class='ocrx_word' id='word_1_18' title='bbox 581 483 714 544; x_wconf 88' lang='lat' dir='ltr'>emerita</span> <span class='ocrx_word' id='word_1_19' title='bbox 734 478 916 565; x_wconf 90' lang='lat' dir='ltr'>stipendia&#39;,</span> <span class='ocrx_word' id='word_1_20' title='bbox 939 478 989 561; x_wconf 87' lang='lat'>18,</span> <span class='ocrx_word' id='word_1_21' title='bbox 1001 480 1065 560; x_wconf 87' lang='lat'>3,5</span> <span class='ocrx_word' id='word_1_22' title='bbox 1082 483 1166 544; x_wconf 85' lang='lat' dir='ltr'>‘ante</span> <span class='ocrx_word' id='word_1_23' title='bbox 1186 502 1307 544; x_wconf 90' lang='grc'>011011</span> <span class='ocrx_word' id='word_1_24' title='bbox 1324 481 1482 544; x_wconf 82' lang='lat' dir='ltr'>Troianae</span> 
     </span>
     <span class='ocr_line' id='line_1_4' title="bbox 87 582 1042 670; baseline 0.001 -23"><span class='ocrx_word' id='word_1_25' title='bbox 87 582 208 666; x_wconf 89' lang='lat' dir='ltr'>cladis&#39;,</span> <span class='ocrx_word' id='word_1_26' title='bbox 226 584 277 666; x_wconf 97' lang='grc'>38,</span> <span class='ocrx_word' id='word_1_27' title='bbox 290 583 350 666; x_wconf 95' lang='grc'>8,1</span> <span class='ocrx_word' id='word_1_28' title='bbox 369 587 451 670; x_wconf 83' lang='lat' dir='ltr'>‘post</span> <span class='ocrx_word' id='word_1_29' title='bbox 466 607 566 648; x_wconf 91' lang='lat' dir='ltr'>annos</span> <span class='ocrx_word' id='word_1_30' title='bbox 582 595 648 648; x_wconf 92' lang='lat' dir='ltr'>tres</span> <span class='ocrx_word' id='word_1_31' title='bbox 665 595 696 648; x_wconf 91' lang='lat' dir='ltr'>et</span> <span class='ocrx_word' id='word_1_32' title='bbox 711 585 778 648; x_wconf 87' lang='lat' dir='ltr'>XX</span> <span class='ocrx_word' id='word_1_33' title='bbox 795 586 915 669; x_wconf 90' lang='lat' dir='ltr'>sumpti</span> <span class='ocrx_word' id='word_1_34' title='bbox 930 585 1042 668; x_wconf 85' lang='lat' dir='ltr'>regni’.</span> 
     </span>
    </p>
   </div>
   <div class='ocr_carea' id='block_1_3' title="bbox 617 765 954 822">
    <p class='ocr_par' dir='ltr' id='par_1_3' title="bbox 617 765 954 822">
     <span class='ocr_line' id='line_1_5' title="bbox 617 765 954 822; baseline -0.003 -1"><span class='ocrx_word' id='word_1_35' title='bbox 617 768 665 822; x_wconf 88' lang='lat' dir='ltr'>De</span> <span class='ocrx_word' id='word_1_36' title='bbox 682 765 834 822; x_wconf 86' lang='lat' dir='ltr'>ablativo</span> <span class='ocrx_word' id='word_1_37' title='bbox 850 766 954 822; x_wconf 84' lang='lat' dir='ltr'>modi.</span> 
     </span>
    </p>
   </div>
   <div class='ocr_carea' id='block_1_4' title="bbox 6 897 1487 1924">
    <p class='ocr_par' dir='ltr' id='par_1_4' title="bbox 6 897 1487 1924">
     <span class='ocr_line' id='line_1_6' title="bbox 190 897 1484 984; baseline 0.002 -22"><span class='ocrx_word' id='word_1_38' title='bbox 190 897 244 962; x_wconf 85' lang='lat' dir='ltr'>Ad</span> <span class='ocrx_word' id='word_1_39' title='bbox 271 897 448 963; x_wconf 85' lang='lat' dir='ltr'>ablativum</span> <span class='ocrx_word' id='word_1_40' title='bbox 475 901 679 964; x_wconf 78' lang='lat' dir='ltr'><strong>instrumenti</strong></span> <span class='ocrx_word' id='word_1_41' title='bbox 715 901 861 984; x_wconf 81' lang='lat' dir='ltr'>proxime</span> <span class='ocrx_word' id='word_1_42' title='bbox 896 897 1025 962; x_wconf 90' lang='lat' dir='ltr'>accedit</span> <span class='ocrx_word' id='word_1_43' title='bbox 1052 897 1212 964; x_wconf 80' lang='lat' dir='ltr'>ablativus</span> <span class='ocrx_word' id='word_1_44' title='bbox 1242 900 1343 982; x_wconf 90' lang='lat' dir='ltr'>modi,</span> <span class='ocrx_word' id='word_1_45' title='bbox 1375 902 1421 964; x_wconf 91' lang='lat' dir='ltr'>ita</span> <span class='ocrx_word' id='word_1_46' title='bbox 1448 909 1484 964; x_wconf 90' lang='grc'>01</span> 
     </span>
     <span class='ocr_line' id='line_1_7' title="bbox 6 987 1482 1089; baseline 0.001 -21"><span class='ocrx_word' id='word_1_47' title='bbox 6 987 7 996; x_wconf 27' lang='lat'>¹</span> <span class='ocrx_word' id='word_1_48' title='bbox 87 1002 194 1068; x_wconf 89' lang='lat' dir='ltr'>multis</span> <span class='ocrx_word' id='word_1_49' title='bbox 210 1003 288 1066; x_wconf 92' lang='lat' dir='ltr'>locis</span> <span class='ocrx_word' id='word_1_50' title='bbox 304 1005 410 1068; x_wconf 89' lang='grc'>011110</span> <span class='ocrx_word' id='word_1_51' title='bbox 426 1003 580 1089; x_wconf 90' lang='lat' dir='ltr'>pendeas,</span> <span class='ocrx_word' id='word_1_52' title='bbox 601 1013 709 1068; x_wconf 89' lang='lat' dir='ltr'>utrum</span> <span class='ocrx_word' id='word_1_53' title='bbox 725 1003 778 1066; x_wconf 92' lang='lat' dir='ltr'>hic</span> <span class='ocrx_word' id='word_1_54' title='bbox 793 1002 903 1067; x_wconf 89' lang='lat' dir='ltr'>anille</span> <span class='ocrx_word' id='word_1_55' title='bbox 920 1003 1109 1068; x_wconf 88' lang='lat' dir='ltr'>statuendus</span> <span class='ocrx_word' id='word_1_56' title='bbox 1125 1006 1174 1068; x_wconf 90' lang='lat' dir='ltr'>sit.</span> <span class='ocrx_word' id='word_1_57' title='bbox 1205 1003 1258 1068; x_wconf 91' lang='lat' dir='ltr'>hic</span> <span class='ocrx_word' id='word_1_58' title='bbox 1274 1012 1381 1069; x_wconf 89' lang='lat' dir='ltr'>autem</span> <span class='ocrx_word' id='word_1_59' title='bbox 1397 1004 1482 1069; x_wconf 86' lang='lat' dir='ltr'>abla-</span> 
     </span>
     <span class='ocr_line' id='line_1_8' title="bbox 86 1107 1483 1194; baseline 0.002 -23"><span class='ocrx_word' id='word_1_60' title='bbox 86 1109 182 1193; x_wconf 91' lang='lat' dir='ltr'>tivus,</span> <span class='ocrx_word' id='word_1_61' title='bbox 199 1129 261 1193; x_wconf 94' lang='lat' dir='ltr'>quo</span> <span class='ocrx_word' id='word_1_62' title='bbox 277 1109 479 1192; x_wconf 66' lang='lat' dir='ltr'>exprimitm,</span> <span class='ocrx_word' id='word_1_63' title='bbox 496 1129 558 1193; x_wconf 92' lang='lat' dir='ltr'>quo</span> <span class='ocrx_word' id='word_1_64' title='bbox 573 1107 669 1171; x_wconf 93' lang='lat' dir='ltr'>modo</span> <span class='ocrx_word' id='word_1_65' title='bbox 683 1107 734 1171; x_wconf 91' lang='lat' dir='ltr'>vel</span> <span class='ocrx_word' id='word_1_66' title='bbox 750 1130 815 1193; x_wconf 90' lang='lat' dir='ltr'>qua</span> <span class='ocrx_word' id='word_1_67' title='bbox 828 1107 1016 1172; x_wconf 90' lang='lat' dir='ltr'>condicione</span> <span class='ocrx_word' id='word_1_68' title='bbox 1032 1107 1154 1194; x_wconf 90' lang='lat' dir='ltr'>aliquid</span> <span class='ocrx_word' id='word_1_69' title='bbox 1169 1108 1236 1190; x_wconf 88' lang='lat' dir='ltr'>fiat,</span> <span class='ocrx_word' id='word_1_70' title='bbox 1253 1119 1310 1173; x_wconf 91' lang='lat' dir='ltr'>aut</span> <span class='ocrx_word' id='word_1_71' title='bbox 1324 1119 1414 1173; x_wconf 89' lang='lat' dir='ltr'>caret</span> <span class='ocrx_word' id='word_1_72' title='bbox 1428 1109 1483 1174; x_wconf 90' lang='lat' dir='ltr'>ad·</span> 
     </span>
     <span class='ocr_line' id='line_1_9' title="bbox 14 1212 1484 1299; baseline 0.001 -23"><span class='ocrx_word' id='word_1_73' title='bbox 14 1255 15 1260; x_wconf 18' lang='grc'>1</span> <span class='ocrx_word' id='word_1_74' title='bbox 86 1212 207 1276; x_wconf 90' lang='lat' dir='ltr'>tributo</span> <span class='ocrx_word' id='word_1_75' title='bbox 223 1221 278 1277; x_wconf 90' lang='lat' dir='ltr'>aut</span> <span class='ocrx_word' id='word_1_76' title='bbox 294 1235 333 1276; x_wconf 92' lang='lat' dir='ltr'>eo</span> <span class='ocrx_word' id='word_1_77' title='bbox 346 1222 394 1276; x_wconf 91' lang='lat' dir='ltr'>est</span> <span class='ocrx_word' id='word_1_78' title='bbox 406 1214 590 1277; x_wconf 91' lang='lat' dir='ltr'>instructus.</span> <span class='ocrx_word' id='word_1_79' title='bbox 615 1213 778 1277; x_wconf 88' lang='lat' dir='ltr'>adtributo</span> <span class='ocrx_word' id='word_1_80' title='bbox 792 1234 856 1276; x_wconf 92' lang='lat' dir='ltr'>non</span> <span class='ocrx_word' id='word_1_81' title='bbox 869 1213 995 1278; x_wconf 90' lang='lat' dir='ltr'>adiecto</span> <span class='ocrx_word' id='word_1_82' title='bbox 1007 1214 1216 1277; x_wconf 87' lang='lat' dir='ltr'>inveniuntur</span> <span class='ocrx_word' id='word_1_83' title='bbox 1226 1213 1315 1299; x_wconf 90' lang='lat' dir='ltr'>apud</span> <span class='ocrx_word' id='word_1_84' title='bbox 1325 1213 1484 1278; x_wconf 92' lang='lat' dir='ltr'>Iustinum</span> 
     </span>
     <span class='ocr_line' id='line_1_10' title="bbox 87 1315 1482 1401; baseline 0.001 -21"><span class='ocrx_word' id='word_1_85' title='bbox 87 1315 221 1380; x_wconf 88' lang='lat' dir='ltr'>ablativi</span> <span class='ocrx_word' id='word_1_86' title='bbox 242 1316 329 1379; x_wconf 81' lang='lat' dir='ltr'>‘iure&#39;</span> <span class='ocrx_word' id='word_1_87' title='bbox 347 1315 376 1398; x_wconf 96' lang='lat'>2,</span> <span class='ocrx_word' id='word_1_88' title='bbox 395 1318 422 1399; x_wconf 93' lang='lat'>1,</span> <span class='ocrx_word' id='word_1_89' title='bbox 439 1316 472 1398; x_wconf 98' lang='grc'>9,</span> <span class='ocrx_word' id='word_1_90' title='bbox 494 1315 524 1398; x_wconf 91' lang='grc'>2,</span> <span class='ocrx_word' id='word_1_91' title='bbox 544 1315 593 1401; x_wconf 93' lang='grc'>15,</span> <span class='ocrx_word' id='word_1_92' title='bbox 610 1317 643 1399; x_wconf 91' lang='grc'>6,</span> <span class='ocrx_word' id='word_1_93' title='bbox 665 1317 716 1394; x_wconf 91' lang='grc'>21,</span> <span class='ocrx_word' id='word_1_94' title='bbox 734 1316 764 1399; x_wconf 95' lang='grc'>2,</span> <span class='ocrx_word' id='word_1_95' title='bbox 781 1317 812 1399; x_wconf 93' lang='grc'>9,</span> <span class='ocrx_word' id='word_1_96' title='bbox 834 1316 975 1381; x_wconf 83' lang='lat' dir='ltr'>‘consilio</span> <span class='ocrx_word' id='word_1_97' title='bbox 995 1315 1049 1382; x_wconf 91' lang='lat' dir='ltr'>vel</span> <span class='ocrx_word' id='word_1_98' title='bbox 1067 1317 1200 1382; x_wconf 87' lang='lat' dir='ltr'>ratione&#39;</span> <span class='ocrx_word' id='word_1_99' title='bbox 1222 1317 1273 1400; x_wconf 87' lang='grc'>31,</span> <span class='ocrx_word' id='word_1_100' title='bbox 1290 1318 1320 1400; x_wconf 94' lang='grc'>6,</span> <span class='ocrx_word' id='word_1_101' title='bbox 1337 1318 1367 1400; x_wconf 88' lang='grc'>3,</span> <span class='ocrx_word' id='word_1_102' title='bbox 1388 1318 1482 1383; x_wconf 84' lang='lat' dir='ltr'>‘dolo’</span> 
     </span>
     <span class='ocr_line' id='line_1_11' title="bbox 88 1419 1486 1507; baseline 0.003 -25"><span class='ocrx_word' id='word_1_103' title='bbox 88 1420 117 1500; x_wconf 88' lang='grc'>3,</span> <span class='ocrx_word' id='word_1_104' title='bbox 133 1420 160 1501; x_wconf 90' lang='grc'>1,</span> <span class='ocrx_word' id='word_1_105' title='bbox 174 1419 208 1502; x_wconf 89' lang='grc'>2,</span> <span class='ocrx_word' id='word_1_106' title='bbox 225 1419 277 1499; x_wconf 84' lang='grc'>27,</span> <span class='ocrx_word' id='word_1_107' title='bbox 292 1420 320 1501; x_wconf 94' lang='grc'>1,</span> <span class='ocrx_word' id='word_1_108' title='bbox 335 1419 352 1481; x_wconf 83' lang='grc'>7</span> <span class='ocrx_word' id='word_1_109' title='bbox 371 1419 454 1505; x_wconf 83' lang='lat' dir='ltr'>(‘per</span> <span class='ocrx_word' id='word_1_110' title='bbox 470 1421 588 1485; x_wconf 90' lang='lat' dir='ltr'>dolum’</span> <span class='ocrx_word' id='word_1_111' title='bbox 601 1421 631 1503; x_wconf 91' lang='grc'>2,</span> <span class='ocrx_word' id='word_1_112' title='bbox 645 1420 674 1501; x_wconf 90' lang='grc'>8,</span> <span class='ocrx_word' id='word_1_113' title='bbox 689 1422 722 1503; x_wconf 91' lang='grc'>6,</span> <span class='ocrx_word' id='word_1_114' title='bbox 741 1421 770 1504; x_wconf 88' lang='grc'>8,</span> <span class='ocrx_word' id='word_1_115' title='bbox 785 1421 815 1502; x_wconf 90' lang='grc'>3,</span> <span class='ocrx_word' id='word_1_116' title='bbox 829 1420 873 1507; x_wconf 88' lang='grc'>6),</span> <span class='ocrx_word' id='word_1_117' title='bbox 891 1421 1036 1485; x_wconf 84' lang='lat' dir='ltr'>‘silentio’</span> <span class='ocrx_word' id='word_1_118' title='bbox 1052 1423 1105 1504; x_wconf 83' lang='lat'>43,</span> <span class='ocrx_word' id='word_1_119' title='bbox 1121 1423 1149 1503; x_wconf 93' lang='grc'>1,</span> <span class='ocrx_word' id='word_1_120' title='bbox 1162 1422 1182 1486; x_wconf 89' lang='grc'>2</span> <span class='ocrx_word' id='word_1_121' title='bbox 1194 1422 1257 1504; x_wconf 88' lang='grc'>0111,</span> <span class='ocrx_word' id='word_1_122' title='bbox 1275 1422 1392 1507; x_wconf 91' lang='lat' dir='ltr'>quibus</span> <span class='ocrx_word' id='word_1_123' title='bbox 1407 1423 1486 1488; x_wconf 92' lang='lat' dir='ltr'>locis</span> 
     </span>
     <span class='ocr_line' id='line_1_12' title="bbox 88 1523 1484 1612; baseline 0.002 -25"><span class='ocrx_word' id='word_1_124' title='bbox 88 1523 234 1588; x_wconf 88' lang='lat' dir='ltr'>omnibus</span> <span class='ocrx_word' id='word_1_125' title='bbox 250 1524 303 1587; x_wconf 90' lang='grc'>1110</span> <span class='ocrx_word' id='word_1_126' title='bbox 320 1527 477 1589; x_wconf 80' lang='lat' dir='ltr'>consentit</span> <span class='ocrx_word' id='word_1_127' title='bbox 494 1547 567 1589; x_wconf 91' lang='lat' dir='ltr'>cum</span> <span class='ocrx_word' id='word_1_128' title='bbox 584 1529 776 1611; x_wconf 91' lang='lat' dir='ltr'>optimorum</span> <span class='ocrx_word' id='word_1_129' title='bbox 798 1527 991 1612; x_wconf 89' lang='lat' dir='ltr'>scriptorum</span> <span class='ocrx_word' id='word_1_130' title='bbox 1011 1526 1252 1590; x_wconf 91' lang='lat' dir='ltr'>consuetudine.</span> <span class='ocrx_word' id='word_1_131' title='bbox 1285 1549 1304 1590; x_wconf 92' lang='lat' dir='ltr'>a</span> <span class='ocrx_word' id='word_1_132' title='bbox 1319 1526 1484 1592; x_wconf 78' lang='lat' dir='ltr'>Ciceronis</span> 
     </span>
     <span class='ocr_line' id='line_1_13' title="bbox 87 1627 1483 1714; baseline 0.002 -23"><span class='ocrx_word' id='word_1_133' title='bbox 87 1650 164 1692; x_wconf 89' lang='lat' dir='ltr'>vero</span> <span class='ocrx_word' id='word_1_134' title='bbox 181 1627 330 1692; x_wconf 78' lang='lat' dir='ltr'>Caesaris</span> <span class='ocrx_word' id='word_1_135' title='bbox 347 1628 489 1694; x_wconf 83' lang='lat' dir='ltr'>Sallustii</span> <span class='ocrx_word' id='word_1_136' title='bbox 506 1630 645 1693; x_wconf 77' lang='lat' dir='ltr'>dictione</span> <span class='ocrx_word' id='word_1_137' title='bbox 660 1630 784 1694; x_wconf 89' lang='lat' dir='ltr'>recedit</span> <span class='ocrx_word' id='word_1_138' title='bbox 798 1653 875 1694; x_wconf 90' lang='lat' dir='ltr'>usus</span> <span class='ocrx_word' id='word_1_139' title='bbox 896 1629 1029 1694; x_wconf 89' lang='lat' dir='ltr'>ablativi</span> <span class='ocrx_word' id='word_1_140' title='bbox 1045 1631 1136 1694; x_wconf 81' lang='lat' dir='ltr'>‘astu’</span> <span class='ocrx_word' id='word_1_141' title='bbox 1153 1631 1183 1713; x_wconf 88' lang='grc'>2,</span> <span class='ocrx_word' id='word_1_142' title='bbox 1196 1631 1225 1708; x_wconf 90' lang='grc'>6,</span> <span class='ocrx_word' id='word_1_143' title='bbox 1239 1631 1283 1695; x_wconf 90' lang='grc'>20</span> <span class='ocrx_word' id='word_1_144' title='bbox 1299 1641 1331 1694; x_wconf 97' lang='grc'>01</span> <span class='ocrx_word' id='word_1_145' title='bbox 1348 1629 1396 1712; x_wconf 94' lang='grc'>11,</span> <span class='ocrx_word' id='word_1_146' title='bbox 1410 1631 1440 1714; x_wconf 93' lang='grc'>6,</span> <span class='ocrx_word' id='word_1_147' title='bbox 1454 1632 1483 1708; x_wconf 95' lang='grc'>8,</span> 
     </span>
     <span class='ocr_line' id='line_1_14' title="bbox 88 1733 1487 1821; baseline 0.004 -26"><span class='ocrx_word' id='word_1_148' title='bbox 88 1736 142 1818; x_wconf 90' lang='lat' dir='ltr'>qui</span> <span class='ocrx_word' id='word_1_149' title='bbox 157 1733 282 1797; x_wconf 90' lang='lat' dir='ltr'>Iustino</span> <span class='ocrx_word' id='word_1_150' title='bbox 299 1737 476 1798; x_wconf 88' lang='lat' dir='ltr'>communis</span> <span class='ocrx_word' id='word_1_151' title='bbox 493 1743 541 1798; x_wconf 91' lang='lat' dir='ltr'>est</span> <span class='ocrx_word' id='word_1_152' title='bbox 562 1757 636 1798; x_wconf 91' lang='lat' dir='ltr'>cum</span> <span class='ocrx_word' id='word_1_153' title='bbox 656 1738 766 1820; x_wconf 90' lang='lat' dir='ltr'>poetis,</span> <span class='ocrx_word' id='word_1_154' title='bbox 788 1737 934 1820; x_wconf 86' lang='lat' dir='ltr'>inprimis</span> <span class='ocrx_word' id='word_1_155' title='bbox 955 1737 1122 1816; x_wconf 91' lang='lat' dir='ltr'>scaenicis,</span> <span class='ocrx_word' id='word_1_156' title='bbox 1145 1746 1176 1799; x_wconf 93' lang='grc'>01</span> <span class='ocrx_word' id='word_1_157' title='bbox 1191 1736 1409 1821; x_wconf 84' lang='lat' dir='ltr'>scriptoribus,</span> <span class='ocrx_word' id='word_1_158' title='bbox 1431 1738 1487 1821; x_wconf 91' lang='lat' dir='ltr'>qui</span> 
     </span>
     <span class='ocr_line' id='line_1_15' title="bbox 87 1831 1484 1924; baseline 0.002 -24"><span class='ocrx_word' id='word_1_159' title='bbox 87 1837 162 1900; x_wconf 90' lang='lat' dir='ltr'>inde</span> <span class='ocrx_word' id='word_1_160' title='bbox 186 1831 315 1901; x_wconf 76' lang='lat' dir='ltr'>a&#39;Livii</span> <span class='ocrx_word' id='word_1_161' title='bbox 335 1847 440 1904; x_wconf 91' lang='lat' dir='ltr'>aetate</span> <span class='ocrx_word' id='word_1_162' title='bbox 463 1843 625 1903; x_wconf 83' lang='lat' dir='ltr'>vixerunt.</span> <span class='ocrx_word' id='word_1_163' title='bbox 661 1839 737 1902; x_wconf 90' lang='lat' dir='ltr'>huic</span> <span class='ocrx_word' id='word_1_164' title='bbox 760 1838 903 1904; x_wconf 90' lang='lat' dir='ltr'>ablativo</span> <span class='ocrx_word' id='word_1_165' title='bbox 927 1839 1162 1924; x_wconf 87' lang='lat' dir='ltr'>significatione</span> <span class='ocrx_word' id='word_1_166' title='bbox 1186 1839 1297 1904; x_wconf 90' lang='lat' dir='ltr'>similis</span> <span class='ocrx_word' id='word_1_167' title='bbox 1317 1850 1366 1904; x_wconf 91' lang='lat' dir='ltr'>est</span> <span class='ocrx_word' id='word_1_168' title='bbox 1388 1838 1484 1911; x_wconf 87' lang='lat' dir='ltr'>alter:</span> 
     </span>
    </p>
   </div>
   <div class='ocr_carea' id='block_1_5' title="bbox 89 1918 1610 2030">
    <p class='ocr_par' dir='ltr' id='par_1_5' title="bbox 89 1918 1610 2030">
     <span class='ocr_line' id='line_1_16' title="bbox 89 1918 1610 2030; baseline 0.001 -24"><span class='ocrx_word' id='word_1_169' title='bbox 89 1942 231 2006; x_wconf 80' lang='lat' dir='ltr'>‘artibus&#39;</span> <span class='ocrx_word' id='word_1_170' title='bbox 248 1942 278 2024; x_wconf 93' lang='grc'>9,</span> <span class='ocrx_word' id='word_1_171' title='bbox 292 1941 321 2024; x_wconf 93' lang='grc'>8,</span> <span class='ocrx_word' id='word_1_172' title='bbox 336 1942 375 2005; x_wconf 90' lang='grc'>12</span> <span class='ocrx_word' id='word_1_173' title='bbox 393 1943 455 2008; x_wconf 81' lang='lat' dir='ltr'>‘hio</span> <span class='ocrx_word' id='word_1_174' title='bbox 475 1953 595 2028; x_wconf 89' lang='lat' dir='ltr'>aperte,</span> <span class='ocrx_word' id='word_1_175' title='bbox 617 1943 669 2008; x_wconf 93' lang='lat' dir='ltr'>ille</span> <span class='ocrx_word' id='word_1_176' title='bbox 686 1943 808 2008; x_wconf 83' lang='lat' dir='ltr'>artibus</span> <span class='ocrx_word' id='word_1_177' title='bbox 824 1943 910 2009; x_wconf 89' lang='lat' dir='ltr'>bella</span> <span class='ocrx_word' id='word_1_178' title='bbox 925 1944 1107 2028; x_wconf 70' lang='lat' dir='ltr'>tractabat,</span> <span class='ocrx_word' id='word_1_179' title='bbox 1128 1946 1183 2028; x_wconf 91' lang='lat' dir='ltr'>qui</span> <span class='ocrx_word' id='word_1_180' title='bbox 1203 1944 1290 2030; x_wconf 88' lang='lat' dir='ltr'>apud</span> <span class='ocrx_word' id='word_1_181' title='bbox 1307 1943 1438 2010; x_wconf 89' lang='lat' dir='ltr'>Livium</span> <span class='ocrx_word' id='word_1_182' title='bbox 1454 1955 1487 2008; x_wconf 91' lang='lat' dir='ltr'>et</span> <span class='ocrx_word' id='word_1_183' title='bbox 1608 1918 1610 1939; x_wconf 27' lang='lat' dir='ltr'>l</span> 
     </span>
    </p>
   </div>
   <div class='ocr_carea' id='block_1_6' title="bbox 8 2046 1549 3075">
    <p class='ocr_par' dir='ltr' id='par_1_6' title="bbox 87 2046 1549 2658">
     <span class='ocr_line' id='line_1_17' title="bbox 87 2046 1484 2135; baseline 0.003 -25"><span class='ocrx_word' id='word_1_184' title='bbox 87 2046 220 2110; x_wconf 86' lang='lat' dir='ltr'>Florum</span> <span class='ocrx_word' id='word_1_185' title='bbox 236 2069 333 2132; x_wconf 89' lang='lat' dir='ltr'>saepe</span> <span class='ocrx_word' id='word_1_186' title='bbox 349 2049 521 2111; x_wconf 89' lang='lat' dir='ltr'>invenitur.</span> <span class='ocrx_word' id='word_1_187' title='bbox 549 2071 607 2133; x_wconf 92' lang='lat' dir='ltr'>pro</span> <span class='ocrx_word' id='word_1_188' title='bbox 624 2046 766 2113; x_wconf 88' lang='lat' dir='ltr'>ablativo</span> <span class='ocrx_word' id='word_1_189' title='bbox 781 2048 868 2112; x_wconf 92' lang='lat' dir='ltr'>modi</span> <span class='ocrx_word' id='word_1_190' title='bbox 883 2070 979 2134; x_wconf 91' lang='lat' dir='ltr'>porro</span> <span class='ocrx_word' id='word_1_191' title='bbox 996 2048 1223 2135; x_wconf 81' lang='lat' dir='ltr'>accipiendum</span> <span class='ocrx_word' id='word_1_192' title='bbox 1237 2049 1367 2113; x_wconf 89' lang='lat' dir='ltr'>videtur</span> <span class='ocrx_word' id='word_1_193' title='bbox 1379 2050 1484 2114; x_wconf 83' lang='lat' dir='ltr'>‘furto&#39;</span> 
     </span>
     <span class='ocr_line' id='line_1_18' title="bbox 89 2150 1484 2238; baseline 0.002 -23"><span class='ocrx_word' id='word_1_194' title='bbox 89 2150 143 2237; x_wconf 87' lang='lat'>(=</span> <span class='ocrx_word' id='word_1_195' title='bbox 157 2151 279 2237; x_wconf 83' lang='lat' dir='ltr'>furtim)</span> <span class='ocrx_word' id='word_1_196' title='bbox 294 2152 344 2232; x_wconf 91' lang='grc'>36,</span> <span class='ocrx_word' id='word_1_197' title='bbox 354 2150 384 2234; x_wconf 92' lang='grc'>2,</span> <span class='ocrx_word' id='word_1_198' title='bbox 396 2153 438 2224; x_wconf 72' lang='grc' dir='ltr'>13ι</span> <span class='ocrx_word' id='word_1_199' title='bbox 445 2156 549 2216; x_wconf 86' lang='lat' dir='ltr'>‘sacra</span> <span class='ocrx_word' id='word_1_200' title='bbox 557 2151 795 2238; x_wconf 85' lang='lat' dir='ltr'>Aegyptiorum</span> <span class='ocrx_word' id='word_1_201' title='bbox 808 2153 894 2216; x_wconf 84' lang='lat' dir='ltr'>furto</span> <span class='ocrx_word' id='word_1_202' title='bbox 905 2152 1059 2234; x_wconf 89' lang='lat' dir='ltr'>abstulit&#39;,</span> <span class='ocrx_word' id='word_1_203' title='bbox 1072 2155 1150 2216; x_wconf 92' lang='lat' dir='ltr'>item</span> <span class='ocrx_word' id='word_1_204' title='bbox 1163 2151 1309 2238; x_wconf 85' lang='lat' dir='ltr'>‘legibus&#39;</span> <span class='ocrx_word' id='word_1_205' title='bbox 1323 2163 1355 2217; x_wconf 95' lang='lat' dir='ltr'>et</span> <span class='ocrx_word' id='word_1_206' title='bbox 1367 2155 1484 2218; x_wconf 85' lang='lat' dir='ltr'>‘armis&#39;</span> 
     </span>
     <span class='ocr_line' id='line_1_19' title="bbox 87 2255 1486 2345; baseline 0.003 -27"><span class='ocrx_word' id='word_1_207' title='bbox 87 2255 139 2337; x_wconf 87' lang='lat'>43,</span> <span class='ocrx_word' id='word_1_208' title='bbox 155 2255 185 2336; x_wconf 91' lang='lat'>4,</span> <span class='ocrx_word' id='word_1_209' title='bbox 203 2256 223 2318; x_wconf 95' lang='grc'>2</span> <span class='ocrx_word' id='word_1_210' title='bbox 240 2255 385 2340; x_wconf 78' lang='lat' dir='ltr'>legibus,</span> <span class='ocrx_word' id='word_1_211' title='bbox 407 2279 470 2320; x_wconf 92' lang='grc'>101</span> <span class='ocrx_word' id='word_1_212' title='bbox 491 2259 589 2322; x_wconf 89' lang='lat' dir='ltr'>armis</span> <span class='ocrx_word' id='word_1_213' title='bbox 610 2258 741 2322; x_wconf 86' lang='lat' dir='ltr'>vivere’.</span> <span class='ocrx_word' id='word_1_214' title='bbox 772 2256 899 2341; x_wconf 89' lang='lat' dir='ltr'>longius</span> <span class='ocrx_word' id='word_1_215' title='bbox 919 2257 1001 2321; x_wconf 92' lang='lat' dir='ltr'>adeo</span> <span class='ocrx_word' id='word_1_216' title='bbox 1021 2257 1063 2321; x_wconf 86' lang='lat' dir='ltr'>ab</span> <span class='ocrx_word' id='word_1_217' title='bbox 1085 2258 1224 2341; x_wconf 84' lang='lat' dir='ltr'>eleganti</span> <span class='ocrx_word' id='word_1_218' title='bbox 1245 2279 1401 2338; x_wconf 82' lang='lat' dir='ltr'>sermone,</span> <span class='ocrx_word' id='word_1_219' title='bbox 1422 2280 1486 2345; x_wconf 89' lang='lat' dir='ltr'>quo</span> 
     </span>
     <span class='ocr_line' id='line_1_20' title="bbox 88 2360 1488 2446; baseline 0.002 -22"><span class='ocrx_word' id='word_1_220' title='bbox 88 2363 282 2444; x_wconf 84' lang='lat' dir='ltr'>praepositio</span> <span class='ocrx_word' id='word_1_221' title='bbox 304 2361 515 2444; x_wconf 89' lang='lat' dir='ltr'>desideratur,</span> <span class='ocrx_word' id='word_1_222' title='bbox 538 2361 696 2425; x_wconf 89' lang='lat' dir='ltr'>recedunt</span> <span class='ocrx_word' id='word_1_223' title='bbox 712 2362 792 2425; x_wconf 88' lang='lat' dir='ltr'>haec</span> <span class='ocrx_word' id='word_1_224' title='bbox 810 2360 974 2446; x_wconf 83' lang='lat' dir='ltr'>exempla:</span> <span class='ocrx_word' id='word_1_225' title='bbox 998 2362 1047 2443; x_wconf 95' lang='grc'>12,</span> <span class='ocrx_word' id='word_1_226' title='bbox 1064 2362 1094 2445; x_wconf 91' lang='grc'>8,</span> <span class='ocrx_word' id='word_1_227' title='bbox 1113 2362 1153 2426; x_wconf 90' lang='grc'>10</span> <span class='ocrx_word' id='word_1_228' title='bbox 1170 2361 1319 2426; x_wconf 82' lang='lat' dir='ltr'>‘lacrimis</span> <span class='ocrx_word' id='word_1_229' title='bbox 1340 2385 1414 2426; x_wconf 89' lang='lat' dir='ltr'>eum</span> <span class='ocrx_word' id='word_1_230' title='bbox 1433 2362 1488 2428; x_wconf 91' lang='lat' dir='ltr'>de-</span> 
     </span>
     <span class='ocr_line' id='line_1_21' title="bbox 88 2465 1486 2550; baseline 0.002 -22"><span class='ocrx_word' id='word_1_231' title='bbox 88 2466 259 2549; x_wconf 89' lang='lat' dir='ltr'>precatur&#39;,</span> <span class='ocrx_word' id='word_1_232' title='bbox 273 2465 938 2547; x_wconf 61' lang='grc'>44,2,4(1110110111011011000100110111,</span> <span class='ocrx_word' id='word_1_233' title='bbox 952 2466 1021 2549; x_wconf 94' lang='lat'>2,4,</span> <span class='ocrx_word' id='word_1_234' title='bbox 1031 2465 1070 2528; x_wconf 93' lang='grc'>12</span> <span class='ocrx_word' id='word_1_235' title='bbox 1079 2467 1216 2531; x_wconf 87' lang='lat' dir='ltr'>‘vicibus</span> <span class='ocrx_word' id='word_1_236' title='bbox 1224 2466 1486 2550; x_wconf 87' lang='lat' dir='ltr'>gerebantbella’</span> 
     </span>
     <span class='ocr_line' id='line_1_22' title="bbox 89 2568 1549 2658; baseline 0.001 -26"><span class='ocrx_word' id='word_1_237' title='bbox 89 2569 158 2654; x_wconf 90' lang='lat' dir='ltr'>(ubi</span> <span class='ocrx_word' id='word_1_238' title='bbox 174 2592 205 2632; x_wconf 88' lang='lat' dir='ltr'>V.</span> <span class='ocrx_word' id='word_1_239' title='bbox 218 2570 435 2655; x_wconf 83' lang='lat' dir='ltr'>interpretes).</span> <span class='ocrx_word' id='word_1_240' title='bbox 468 2571 515 2635; x_wconf 89' lang='lat' dir='ltr'>his</span> <span class='ocrx_word' id='word_1_241' title='bbox 531 2573 629 2654; x_wconf 88' lang='lat' dir='ltr'>igitur</span> <span class='ocrx_word' id='word_1_242' title='bbox 644 2572 731 2634; x_wconf 88' lang='lat' dir='ltr'>nisus</span> <span class='ocrx_word' id='word_1_243' title='bbox 748 2568 906 2655; x_wconf 89' lang='lat' dir='ltr'>exemplis</span> <span class='ocrx_word' id='word_1_244' title='bbox 926 2592 1010 2655; x_wconf 87' lang='lat' dir='ltr'>nego</span> <span class='ocrx_word' id='word_1_245' title='bbox 1026 2570 1077 2652; x_wconf 93' lang='grc'>38,</span> <span class='ocrx_word' id='word_1_246' title='bbox 1090 2571 1120 2652; x_wconf 89' lang='lat'>2,</span> <span class='ocrx_word' id='word_1_247' title='bbox 1135 2571 1152 2632; x_wconf 99' lang='lat'>7</span> <span class='ocrx_word' id='word_1_248' title='bbox 1171 2574 1276 2634; x_wconf 85' lang='lat' dir='ltr'>‘acne</span> <span class='ocrx_word' id='word_1_249' title='bbox 1292 2570 1488 2635; x_wconf 88' lang='lat' dir='ltr'>contumelia</span> <span class='ocrx_word' id='word_1_250' title='bbox 1544 2648 1549 2658; x_wconf 91' lang='lat'>.</span> 
     </span>
    </p>

    <p class='ocr_par' dir='ltr' id='par_1_7' title="bbox 8 2674 1492 3075">
     <span class='ocr_line' id='line_1_23' title="bbox 89 2674 1489 2761; baseline 0.002 -24"><span class='ocrx_word' id='word_1_251' title='bbox 89 2696 202 2757; x_wconf 86' lang='lat' dir='ltr'>regum</span> <span class='ocrx_word' id='word_1_252' title='bbox 226 2675 308 2738; x_wconf 91' lang='lat' dir='ltr'>foret</span> <span class='ocrx_word' id='word_1_253' title='bbox 331 2674 519 2760; x_wconf 89' lang='lat' dir='ltr'>ademptum</span> <span class='ocrx_word' id='word_1_254' title='bbox 542 2675 612 2740; x_wconf 91' lang='lat' dir='ltr'>illis&#39;</span> <span class='ocrx_word' id='word_1_255' title='bbox 635 2698 709 2740; x_wconf 92' lang='lat' dir='ltr'>oum</span> <span class='ocrx_word' id='word_1_256' title='bbox 730 2675 867 2739; x_wconf 87' lang='lat' dir='ltr'>Ruehlio</span> <span class='ocrx_word' id='word_1_257' title='bbox 888 2677 959 2739; x_wconf 89' lang='lat' dir='ltr'>voci</span> <span class='ocrx_word' id='word_1_258' title='bbox 981 2676 1195 2740; x_wconf 81' lang='lat' dir='ltr'>‘contumelia’</span> <span class='ocrx_word' id='word_1_259' title='bbox 1217 2678 1489 2761; x_wconf 89' lang='lat' dir='ltr'>praepositionem</span> 
     </span>
     <span class='ocr_line' id='line_1_24' title="bbox 8 2765 1489 2863; baseline 0.002 -22"><span class='ocrx_word' id='word_1_260' title='bbox 8 2765 12 2774; x_wconf 56' lang='grc'>’</span> <span class='ocrx_word' id='word_1_261' title='bbox 90 2780 185 2841; x_wconf 79' lang='lat' dir='ltr'>‘cum’</span> <span class='ocrx_word' id='word_1_262' title='bbox 196 2779 441 2863; x_wconf 87' lang='lat' dir='ltr'>praefigendam</span> <span class='ocrx_word' id='word_1_263' title='bbox 453 2802 533 2844; x_wconf 89' lang='lat' dir='ltr'>esse.</span> <span class='ocrx_word' id='word_1_264' title='bbox 558 2780 810 2844; x_wconf 89' lang='lat' dir='ltr'>instrumentalis</span> <span class='ocrx_word' id='word_1_265' title='bbox 822 2781 926 2863; x_wconf 84' lang='lat' dir='ltr'>magis</span> <span class='ocrx_word' id='word_1_266' title='bbox 939 2782 1058 2844; x_wconf 92' lang='lat' dir='ltr'>eminet</span> <span class='ocrx_word' id='word_1_267' title='bbox 1070 2780 1261 2863; x_wconf 89' lang='lat' dir='ltr'>significatio</span> <span class='ocrx_word' id='word_1_268' title='bbox 1273 2781 1306 2843; x_wconf 90' lang='lat' dir='ltr'>in</span> <span class='ocrx_word' id='word_1_269' title='bbox 1319 2779 1368 2842; x_wconf 94' lang='lat' dir='ltr'>his</span> <span class='ocrx_word' id='word_1_270' title='bbox 1380 2802 1489 2844; x_wconf 85' lang='lat' dir='ltr'>exem-</span> 
     </span>
     <span class='ocr_line' id='line_1_25' title="bbox 90 2883 1490 2970; baseline 0.001 -24"><span class='ocrx_word' id='word_1_271' title='bbox 90 2884 164 2968; x_wconf 93' lang='lat' dir='ltr'>plis:</span> <span class='ocrx_word' id='word_1_272' title='bbox 190 2883 345 2966; x_wconf 86' lang='lat'>12,11,6</span> <span class='ocrx_word' id='word_1_273' title='bbox 367 2886 522 2950; x_wconf 64' lang='grc' dir='ltr'>ί1001011</span> <span class='ocrx_word' id='word_1_274' title='bbox 542 2885 695 2970; x_wconf 88' lang='lat' dir='ltr'>precibus</span> <span class='ocrx_word' id='word_1_275' title='bbox 720 2885 777 2948; x_wconf 89' lang='lat' dir='ltr'>sed</span> <span class='ocrx_word' id='word_1_276' title='bbox 801 2886 947 2949; x_wconf 93' lang='lat' dir='ltr'>convicio</span> <span class='ocrx_word' id='word_1_277' title='bbox 970 2883 1132 2968; x_wconf 87' lang='lat' dir='ltr'>agebant&#39;,</span> <span class='ocrx_word' id='word_1_278' title='bbox 1159 2885 1208 2966; x_wconf 93' lang='grc'>14,</span> <span class='ocrx_word' id='word_1_279' title='bbox 1225 2884 1254 2961; x_wconf 90' lang='lat'>2,</span> <span class='ocrx_word' id='word_1_280' title='bbox 1272 2883 1291 2946; x_wconf 93' lang='grc'>8</span> <span class='ocrx_word' id='word_1_281' title='bbox 1314 2884 1490 2948; x_wconf 84' lang='lat' dir='ltr'>‘Eumenes</span> 
     </span>
     <span class='ocr_line' id='line_1_26' title="bbox 90 2987 1492 3075; baseline 0.001 -25"><span class='ocrx_word' id='word_1_282' title='bbox 90 2987 319 3051; x_wconf 90' lang='lat' dir='ltr'>blandimentis</span> <span class='ocrx_word' id='word_1_283' title='bbox 340 3011 446 3072; x_wconf 85' lang='lat' dir='ltr'>agere,</span> <span class='ocrx_word' id='word_1_284' title='bbox 471 2988 659 3075; x_wconf 89' lang='lat' dir='ltr'>suppliciter</span> <span class='ocrx_word' id='word_1_285' title='bbox 680 2988 822 3072; x_wconf 90' lang='lat' dir='ltr'>singulos</span> <span class='ocrx_word' id='word_1_286' title='bbox 843 2988 993 3072; x_wconf 77' lang='lat' dir='ltr'>adloqui,</span> <span class='ocrx_word' id='word_1_287' title='bbox 1018 2988 1069 3071; x_wconf 89' lang='grc'>24,</span> <span class='ocrx_word' id='word_1_288' title='bbox 1085 2988 1115 3066; x_wconf 88' lang='grc'>5,</span> <span class='ocrx_word' id='word_1_289' title='bbox 1135 2989 1174 3051; x_wconf 92' lang='grc'>12</span> <span class='ocrx_word' id='word_1_290' title='bbox 1195 2990 1268 3052; x_wconf 84' lang='lat' dir='ltr'>‘non</span> <span class='ocrx_word' id='word_1_291' title='bbox 1288 2989 1372 3053; x_wconf 91' lang='lat' dir='ltr'>votis</span> <span class='ocrx_word' id='word_1_292' title='bbox 1392 3010 1492 3072; x_wconf 88' lang='lat' dir='ltr'>agen-</span> 
     </span>
    </p>
   </div>
   <div class='ocr_carea' id='block_1_7' title="bbox 91 3091 1610 3387">
    <p class='ocr_par' dir='ltr' id='par_1_8' title="bbox 91 3091 1610 3387">
     <span class='ocr_line' id='line_1_27' title="bbox 91 3091 1610 3190; baseline 0.002 -35"><span class='ocrx_word' id='word_1_293' title='bbox 91 3091 188 3155; x_wconf 91' lang='lat' dir='ltr'>dum.</span> <span class='ocrx_word' id='word_1_294' title='bbox 204 3143 210 3154; x_wconf 88' lang='lat'><strong>.</strong></span> <span class='ocrx_word' id='word_1_295' title='bbox 226 3143 231 3154; x_wconf 91' lang='lat'><strong><em>.</em></strong></span> <span class='ocrx_word' id='word_1_296' title='bbox 245 3093 353 3157; x_wconf 84' lang='lat' dir='ltr'>ratus&#39;.</span> <span class='ocrx_word' id='word_1_297' title='bbox 380 3092 496 3178; x_wconf 91' lang='lat' dir='ltr'>quibus</span> <span class='ocrx_word' id='word_1_298' title='bbox 513 3094 598 3158; x_wconf 87' lang='lat' dir='ltr'>adde</span> <span class='ocrx_word' id='word_1_299' title='bbox 614 3093 644 3174; x_wconf 92' lang='lat'>5,</span> <span class='ocrx_word' id='word_1_300' title='bbox 657 3093 687 3174; x_wconf 92' lang='lat'>2,</span> <span class='ocrx_word' id='word_1_301' title='bbox 700 3092 720 3157; x_wconf 89' lang='grc'>5</span> <span class='ocrx_word' id='word_1_302' title='bbox 734 3093 1003 3158; x_wconf 84' lang='lat' dir='ltr'>‘interficiendum</span> <span class='ocrx_word' id='word_1_303' title='bbox 1015 3093 1159 3174; x_wconf 89' lang='lat' dir='ltr'>insidiis&#39;,</span> <span class='ocrx_word' id='word_1_304' title='bbox 1179 3093 1227 3177; x_wconf 88' lang='lat'>12,</span> <span class='ocrx_word' id='word_1_305' title='bbox 1242 3091 1291 3174; x_wconf 93' lang='lat'>15,</span> <span class='ocrx_word' id='word_1_306' title='bbox 1304 3093 1326 3155; x_wconf 92' lang='lat'>2</span> <span class='ocrx_word' id='word_1_307' title='bbox 1342 3091 1492 3158; x_wconf 83' lang='lat' dir='ltr'>‘insidiis-</span> <span class='ocrx_word' id='word_1_308' title='bbox 1608 3170 1610 3190; x_wconf 28' lang='grc' dir='ltr'><strong>ἱ</strong></span> 
     </span>
     <span class='ocr_line' id='line_1_28' title="bbox 91 3196 1491 3283; baseline 0 -23"><span class='ocrx_word' id='word_1_309' title='bbox 91 3219 153 3281; x_wconf 93' lang='lat' dir='ltr'>que</span> <span class='ocrx_word' id='word_1_310' title='bbox 169 3197 324 3281; x_wconf 82' lang='lat' dir='ltr'>periisse’,</span> <span class='ocrx_word' id='word_1_311' title='bbox 348 3196 400 3278; x_wconf 90' lang='grc'>20,</span> <span class='ocrx_word' id='word_1_312' title='bbox 416 3197 446 3281; x_wconf 92' lang='grc'>5,</span> <span class='ocrx_word' id='word_1_313' title='bbox 465 3198 505 3260; x_wconf 89' lang='grc'>14</span> <span class='ocrx_word' id='word_1_314' title='bbox 521 3197 655 3262; x_wconf 78' lang='lat' dir='ltr'>‘insidiis</span> <span class='ocrx_word' id='word_1_315' title='bbox 676 3197 718 3262; x_wconf 88' lang='lat' dir='ltr'>ad</span> <span class='ocrx_word' id='word_1_316' title='bbox 742 3207 942 3283; x_wconf 89' lang='lat' dir='ltr'>postremum</span> <span class='ocrx_word' id='word_1_317' title='bbox 966 3220 1096 3262; x_wconf 90' lang='lat' dir='ltr'>suorum</span> <span class='ocrx_word' id='word_1_318' title='bbox 1117 3197 1329 3278; x_wconf 89' lang='lat' dir='ltr'>interficitur’,</span> <span class='ocrx_word' id='word_1_319' title='bbox 1353 3197 1451 3279; x_wconf 84' lang='lat'>38,1,</span> <span class='ocrx_word' id='word_1_320' title='bbox 1474 3199 1491 3260; x_wconf 93' lang='lat'>1</span> 
     </span>
     <span class='ocr_line' id='line_1_29' title="bbox 92 3300 1610 3387; baseline 0.001 -22"><span class='ocrx_word' id='word_1_321' title='bbox 92 3302 299 3365; x_wconf 82' lang='lat' dir='ltr'>‘Ariarathen</span> <span class='ocrx_word' id='word_1_322' title='bbox 313 3352 319 3364; x_wconf 89' lang='lat'><strong>.</strong></span> <span class='ocrx_word' id='word_1_323' title='bbox 335 3352 341 3365; x_wconf 89' lang='lat'><strong>.</strong></span> <span class='ocrx_word' id='word_1_324' title='bbox 357 3353 362 3364; x_wconf 95' lang='lat'>.</span> <span class='ocrx_word' id='word_1_325' title='bbox 376 3323 434 3387; x_wconf 92' lang='lat' dir='ltr'>per</span> <span class='ocrx_word' id='word_1_326' title='bbox 451 3300 608 3366; x_wconf 82' lang='lat' dir='ltr'>Gordium</span> <span class='ocrx_word' id='word_1_327' title='bbox 624 3302 747 3366; x_wconf 90' lang='lat' dir='ltr'>insidiis</span> <span class='ocrx_word' id='word_1_328' title='bbox 768 3301 952 3384; x_wconf 89' lang='lat' dir='ltr'>occiderat&#39;,</span> <span class='ocrx_word' id='word_1_329' title='bbox 973 3300 1025 3382; x_wconf 83' lang='lat'>38,</span> <span class='ocrx_word' id='word_1_330' title='bbox 1041 3301 1089 3378; x_wconf 91' lang='grc'>10,</span> <span class='ocrx_word' id='word_1_331' title='bbox 1104 3301 1122 3363; x_wconf 83' lang='grc'>7</span> <span class='ocrx_word' id='word_1_332' title='bbox 1140 3301 1274 3366; x_wconf 81' lang='lat' dir='ltr'>‘insidiis</span> <span class='ocrx_word' id='word_1_333' title='bbox 1290 3301 1493 3366; x_wconf 89' lang='lat' dir='ltr'>Antiochum</span> <span class='ocrx_word' id='word_1_334' title='bbox 1608 3323 1610 3349; x_wconf 60' lang='lat' dir='ltr'>i</span> 
     </span>
    </p>
   </div>
   <div class='ocr_carea' id='block_1_8' title="bbox 6 3405 1495 3700">
    <p class='ocr_par' dir='ltr' id='par_1_9' title="bbox 6 3405 1495 3700">
     <span class='ocr_line' id='line_1_30' title="bbox 90 3405 1494 3492; baseline -0.001 -22"><span class='ocrx_word' id='word_1_335' title='bbox 90 3406 257 3470; x_wconf 87' lang='lat' dir='ltr'>tentabat&#39;.</span> <span class='ocrx_word' id='word_1_336' title='bbox 290 3405 347 3476; x_wconf 91' lang='lat' dir='ltr'>sed</span> <span class='ocrx_word' id='word_1_337' title='bbox 363 3429 428 3471; x_wconf 92' lang='lat' dir='ltr'>non</span> <span class='ocrx_word' id='word_1_338' title='bbox 443 3407 547 3472; x_wconf 90' lang='lat' dir='ltr'>minus</span> <span class='ocrx_word' id='word_1_339' title='bbox 564 3406 750 3492; x_wconf 89' lang='lat' dir='ltr'>frequenter</span> <span class='ocrx_word' id='word_1_340' title='bbox 765 3408 1036 3492; x_wconf 91' lang='lat' dir='ltr'>praepositionem</span> <span class='ocrx_word' id='word_1_341' title='bbox 1053 3406 1131 3491; x_wconf 82' lang='lat' dir='ltr'>‘per’</span> <span class='ocrx_word' id='word_1_342' title='bbox 1147 3407 1343 3470; x_wconf 90' lang='lat' dir='ltr'>invenimus:</span> <span class='ocrx_word' id='word_1_343' title='bbox 1360 3409 1429 3492; x_wconf 80' lang='lat' dir='ltr'>‘per</span> <span class='ocrx_word' id='word_1_344' title='bbox 1443 3407 1494 3469; x_wconf 87' lang='lat' dir='ltr'>in-</span> 
     </span>
     <span class='ocr_line' id='line_1_31' title="bbox 6 3508 1072 3595; baseline 0.001 -25"><span class='ocrx_word' id='word_1_345' title='bbox 6 3567 7 3570; x_wconf 63' lang='lat'>,</span> <span class='ocrx_word' id='word_1_346' title='bbox 92 3508 949 3595; x_wconf 70' lang='grc'>01111003,5,1,5,10,9,1,6,6,16,1,9,11,2,4.</span> <span class='ocrx_word' id='word_1_347' title='bbox 1069 3535 1072 3544; x_wconf 93' lang='grc'><em>·</em></span> 
     </span>
     <span class='ocr_line' id='line_1_32' title="bbox 196 3614 1495 3700; baseline -0.002 -20"><span class='ocrx_word' id='word_1_348' title='bbox 196 3615 300 3700; x_wconf 81' lang='lat' dir='ltr'>Saepe</span> <span class='ocrx_word' id='word_1_349' title='bbox 316 3637 450 3680; x_wconf 89' lang='lat' dir='ltr'>numero</span> <span class='ocrx_word' id='word_1_350' title='bbox 466 3615 645 3680; x_wconf 89' lang='lat' dir='ltr'>ablativum</span> <span class='ocrx_word' id='word_1_351' title='bbox 659 3615 746 3680; x_wconf 92' lang='lat' dir='ltr'>modi</span> <span class='ocrx_word' id='word_1_352' title='bbox 767 3616 940 3680; x_wconf 89' lang='lat' dir='ltr'>comitatur</span> <span class='ocrx_word' id='word_1_353' title='bbox 960 3614 1169 3697; x_wconf 89' lang='lat' dir='ltr'>adtributum,</span> <span class='ocrx_word' id='word_1_354' title='bbox 1191 3614 1277 3700; x_wconf 92' lang='lat' dir='ltr'>quod</span> <span class='ocrx_word' id='word_1_355' title='bbox 1293 3624 1495 3679; x_wconf 87' lang='grc'>0010101001</span> 
     </span>
    </p>
   </div>
   <div class='ocr_carea' id='block_1_9' title="bbox 92 3720 1610 3806">
    <p class='ocr_par' dir='ltr' id='par_1_10' title="bbox 92 3720 1610 3806">
     <span class='ocr_line' id='line_1_33' title="bbox 92 3720 1610 3806; baseline 0 -22"><span class='ocrx_word' id='word_1_356' title='bbox 92 3723 242 3806; x_wconf 90' lang='lat' dir='ltr'>genetivo</span> <span class='ocrx_word' id='word_1_357' title='bbox 259 3721 468 3784; x_wconf 89' lang='grc'>10111110001</span> <span class='ocrx_word' id='word_1_358' title='bbox 484 3721 645 3784; x_wconf 91' lang='lat' dir='ltr'>adiectivo</span> <span class='ocrx_word' id='word_1_359' title='bbox 658 3729 713 3784; x_wconf 90' lang='lat' dir='ltr'>aut</span> <span class='ocrx_word' id='word_1_360' title='bbox 725 3721 922 3806; x_wconf 90' lang='lat' dir='ltr'>pronomine.</span> <span class='ocrx_word' id='word_1_361' title='bbox 951 3729 1047 3804; x_wconf 88' lang='lat' dir='ltr'>atque</span> <span class='ocrx_word' id='word_1_362' title='bbox 1063 3722 1089 3782; x_wconf 92' lang='lat' dir='ltr'>si</span> <span class='ocrx_word' id='word_1_363' title='bbox 1106 3722 1246 3804; x_wconf 90' lang='lat' dir='ltr'>priorem</span> <span class='ocrx_word' id='word_1_364' title='bbox 1260 3720 1418 3785; x_wconf 88' lang='lat' dir='ltr'>adtributi</span> <span class='ocrx_word' id='word_1_365' title='bbox 1429 3720 1494 3784; x_wconf 84' lang='grc'>101-</span> <span class='ocrx_word' id='word_1_366' title='bbox 1608 3750 1610 3804; x_wconf 72' lang='lat' dir='ltr'><strong><em>g</em></strong></span> 
     </span>
    </p>
   </div>
   <div class='ocr_carea' id='block_1_10' title="bbox 92 3825 1610 3924">
    <p class='ocr_par' dir='ltr' id='par_1_11' title="bbox 92 3811 1610 3924">
     <span class='ocr_line' id='line_1_34' title="bbox 92 3825 1610 3924; baseline -0.001 -34"><span class='ocrx_word' id='word_1_367' title='bbox 92 3849 178 3891; x_wconf 91' lang='lat' dir='ltr'>mam</span> <span class='ocrx_word' id='word_1_368' title='bbox 195 3835 388 3912; x_wconf 90' lang='lat' dir='ltr'>spectamus,</span> <span class='ocrx_word' id='word_1_369' title='bbox 405 3827 525 3910; x_wconf 90' lang='lat' dir='ltr'>partim</span> <span class='ocrx_word' id='word_1_370' title='bbox 541 3848 615 3890; x_wconf 90' lang='lat' dir='ltr'>cum</span> <span class='ocrx_word' id='word_1_371' title='bbox 631 3825 861 3908; x_wconf 86' lang='lat' dir='ltr'>elegantissimi</span> <span class='ocrx_word' id='word_1_372' title='bbox 877 3827 1032 3889; x_wconf 90' lang='lat' dir='ltr'>sermonis</span> <span class='ocrx_word' id='word_1_373' title='bbox 1047 3848 1108 3888; x_wconf 91' lang='lat' dir='ltr'>usu</span> <span class='ocrx_word' id='word_1_374' title='bbox 1125 3846 1303 3909; x_wconf 85' lang='lat' dir='ltr'>congruere</span> <span class='ocrx_word' id='word_1_375' title='bbox 1315 3825 1434 3910; x_wconf 90' lang='lat' dir='ltr'>partim</span> <span class='ocrx_word' id='word_1_376' title='bbox 1446 3825 1493 3889; x_wconf 90' lang='lat' dir='ltr'>ab</span> <span class='ocrx_word' id='word_1_377' title='bbox 1608 3902 1610 3924; x_wconf 51' lang='grc' dir='ltr'>Ι</span> 
     </span>
    </p>
   </div>
   <div class='ocr_carea' id='block_1_11' title="bbox 94 3928 1610 4225">
    <p class='ocr_par' dir='ltr' id='par_1_12' title="bbox 94 3928 1610 4225">
     <span class='ocr_line' id='line_1_35' title="bbox 95 3928 1610 4016; baseline -0.001 -22"><span class='ocrx_word' id='word_1_378' title='bbox 95 3954 130 3994; x_wconf 89' lang='lat' dir='ltr'>eo</span> <span class='ocrx_word' id='word_1_379' title='bbox 144 3931 383 4016; x_wconf 89' lang='lat' dir='ltr'>discrepantem</span> <span class='ocrx_word' id='word_1_380' title='bbox 397 3931 611 4016; x_wconf 90' lang='lat' dir='ltr'>posteriorum</span> <span class='ocrx_word' id='word_1_381' title='bbox 624 3929 753 3993; x_wconf 90' lang='lat' dir='ltr'>dicendi</span> <span class='ocrx_word' id='word_1_382' title='bbox 767 3929 1032 3993; x_wconf 88' lang='lat' dir='ltr'>consuetudinem</span> <span class='ocrx_word' id='word_1_383' title='bbox 1045 3928 1196 4014; x_wconf 88' lang='lat' dir='ltr'>amplecti</span> <span class='ocrx_word' id='word_1_384' title='bbox 1213 3929 1490 4015; x_wconf 89' lang='lat' dir='ltr'>deprehendimus</span> <span class='ocrx_word' id='word_1_385' title='bbox 1608 3937 1610 4002; x_wconf 76' lang='lat' dir='ltr'>j</span> 
     </span>
     <span class='ocr_line' id='line_1_36' title="bbox 96 4030 1610 4119; baseline -0.004 -19"><span class='ocrx_word' id='word_1_386' title='bbox 96 4037 266 4100; x_wconf 88' lang='lat' dir='ltr'>Iustinum.</span> <span class='ocrx_word' id='word_1_387' title='bbox 290 4036 340 4099; x_wconf 92' lang='lat' dir='ltr'>his</span> <span class='ocrx_word' id='word_1_388' title='bbox 352 4037 450 4119; x_wconf 89' lang='lat' dir='ltr'>igitur</span> <span class='ocrx_word' id='word_1_389' title='bbox 462 4035 539 4099; x_wconf 90' lang='lat' dir='ltr'>locis</span> <span class='ocrx_word' id='word_1_390' title='bbox 551 4057 615 4098; x_wconf 94' lang='grc'>101</span> <span class='ocrx_word' id='word_1_391' title='bbox 628 4034 752 4098; x_wconf 91' lang='lat' dir='ltr'>recedit</span> <span class='ocrx_word' id='word_1_392' title='bbox 764 4057 783 4097; x_wconf 91' lang='lat' dir='ltr'>a</span> <span class='ocrx_word' id='word_1_393' title='bbox 795 4035 990 4118; x_wconf 88' lang='lat' dir='ltr'>scriptorum</span> <span class='ocrx_word' id='word_1_394' title='bbox 1002 4035 1194 4118; x_wconf 91' lang='lat' dir='ltr'>optimorum</span> <span class='ocrx_word' id='word_1_395' title='bbox 1203 4057 1277 4098; x_wconf 93' lang='lat' dir='ltr'>usu:</span> <span class='ocrx_word' id='word_1_396' title='bbox 1293 4032 1342 4118; x_wconf 92' lang='lat'>11,</span> <span class='ocrx_word' id='word_1_397' title='bbox 1352 4032 1382 4114; x_wconf 93' lang='lat'>2,</span> <span class='ocrx_word' id='word_1_398' title='bbox 1391 4032 1425 4114; x_wconf 87' lang='grc'>5,</span> <span class='ocrx_word' id='word_1_399' title='bbox 1440 4033 1481 4095; x_wconf 95' lang='grc'>11</span> <span class='ocrx_word' id='word_1_400' title='bbox 1486 4083 1495 4114; x_wconf 95' lang='grc'>,</span> <span class='ocrx_word' id='word_1_401' title='bbox 1608 4030 1610 4052; x_wconf 78' lang='lat'>¹</span> 
     </span>
     <span class='ocr_line' id='line_1_37' title="bbox 94 4136 1610 4225; baseline -0.003 -21"><span class='ocrx_word' id='word_1_402' title='bbox 94 4141 124 4222; x_wconf 88' lang='lat'>3,</span> <span class='ocrx_word' id='word_1_403' title='bbox 141 4140 161 4202; x_wconf 90' lang='grc'>2</span> <span class='ocrx_word' id='word_1_404' title='bbox 174 4138 332 4223; x_wconf 76' lang='lat' dir='ltr'>‘exemplo</span> <span class='ocrx_word' id='word_1_405' title='bbox 344 4139 467 4225; x_wconf 92' lang='lat' dir='ltr'>patris&#39;,</span> <span class='ocrx_word' id='word_1_406' title='bbox 483 4140 533 4220; x_wconf 92' lang='grc'>13,</span> <span class='ocrx_word' id='word_1_407' title='bbox 543 4140 572 4221; x_wconf 93' lang='grc'>6,</span> <span class='ocrx_word' id='word_1_408' title='bbox 585 4139 623 4200; x_wconf 94' lang='lat'>17</span> <span class='ocrx_word' id='word_1_409' title='bbox 637 4138 795 4224; x_wconf 81' lang='lat' dir='ltr'>‘exemplo</span> <span class='ocrx_word' id='word_1_410' title='bbox 808 4137 1005 4223; x_wconf 85' lang='lat' dir='ltr'>furentium&#39;,</span> <span class='ocrx_word' id='word_1_411' title='bbox 1022 4136 1234 4223; x_wconf 74' lang='lat' dir='ltr'>33,1,5‘legs</span> <span class='ocrx_word' id='word_1_412' title='bbox 1251 4137 1349 4218; x_wconf 83' lang='lat' dir='ltr'>victi&#39;,</span> <span class='ocrx_word' id='word_1_413' title='bbox 1366 4136 1396 4217; x_wconf 90' lang='lat'>2,</span> <span class='ocrx_word' id='word_1_414' title='bbox 1406 4136 1436 4218; x_wconf 92' lang='lat'>7,</span> <span class='ocrx_word' id='word_1_415' title='bbox 1451 4137 1497 4200; x_wconf 93' lang='grc'>10</span> <span class='ocrx_word' id='word_1_416' title='bbox 1608 4150 1610 4166; x_wconf 79' lang='lat'><strong>²</strong></span> 
     </span>
    </p>
   </div>
   <div class='ocr_carea' id='block_1_12' title="bbox 94 4241 1497 4538">
    <p class='ocr_par' dir='ltr' id='par_1_13' title="bbox 94 4241 1497 4538">
     <span class='ocr_line' id='line_1_38' title="bbox 94 4241 1495 4328; baseline -0.006 -18"><span class='ocrx_word' id='word_1_417' title='bbox 94 4261 194 4310; x_wconf 70' lang='lat' dir='ltr'>‘more</span> <span class='ocrx_word' id='word_1_418' title='bbox 210 4243 441 4326; x_wconf 90' lang='lat' dir='ltr'>vaecordium&#39;,</span> <span class='ocrx_word' id='word_1_419' title='bbox 458 4242 564 4328; x_wconf 92' lang='grc'>9,1,9</span> <span class='ocrx_word' id='word_1_420' title='bbox 581 4247 679 4307; x_wconf 82' lang='lat' dir='ltr'>‘more</span> <span class='ocrx_word' id='word_1_421' title='bbox 695 4242 947 4326; x_wconf 83' lang='lat' dir='ltr'>negotiantium’,</span> <span class='ocrx_word' id='word_1_422' title='bbox 964 4241 1037 4326; x_wconf 91' lang='grc'>6,1,</span> <span class='ocrx_word' id='word_1_423' title='bbox 1053 4241 1069 4303; x_wconf 97' lang='grc'>1</span> <span class='ocrx_word' id='word_1_424' title='bbox 1088 4246 1186 4306; x_wconf 84' lang='lat' dir='ltr'>‘more</span> <span class='ocrx_word' id='word_1_425' title='bbox 1201 4243 1322 4327; x_wconf 87' lang='lat' dir='ltr'>ingenii</span> <span class='ocrx_word' id='word_1_426' title='bbox 1337 4241 1495 4318; x_wconf 86' lang='lat' dir='ltr'>bumani&#39;,</span> 
     </span>
     <span class='ocr_line' id='line_1_39' title="bbox 94 4344 1497 4433; baseline -0.003 -20"><span class='ocrx_word' id='word_1_427' title='bbox 94 4350 122 4432; x_wconf 87' lang='lat'>8,</span> <span class='ocrx_word' id='word_1_428' title='bbox 141 4350 172 4432; x_wconf 87' lang='lat'>3,</span> <span class='ocrx_word' id='word_1_429' title='bbox 192 4348 231 4413; x_wconf 95' lang='grc'>15</span> <span class='ocrx_word' id='word_1_430' title='bbox 252 4353 351 4413; x_wconf 76' lang='lat' dir='ltr'>‘more</span> <span class='ocrx_word' id='word_1_431' title='bbox 371 4347 491 4432; x_wconf 91' lang='lat' dir='ltr'>ingenii</span> <span class='ocrx_word' id='word_1_432' title='bbox 514 4347 583 4429; x_wconf 88' lang='lat' dir='ltr'>sui&#39;,</span> <span class='ocrx_word' id='word_1_433' title='bbox 608 4347 674 4433; x_wconf 83' lang='lat'>(36,</span> <span class='ocrx_word' id='word_1_434' title='bbox 691 4347 721 4430; x_wconf 87' lang='lat'>3,</span> <span class='ocrx_word' id='word_1_435' title='bbox 740 4347 761 4409; x_wconf 93' lang='lat'>4</span> <span class='ocrx_word' id='word_1_436' title='bbox 782 4349 825 4411; x_wconf 86' lang='lat' dir='ltr'>‘in</span> <span class='ocrx_word' id='word_1_437' title='bbox 845 4348 1015 4412; x_wconf 89' lang='lat' dir='ltr'>vinearum</span> <span class='ocrx_word' id='word_1_438' title='bbox 1036 4346 1194 4433; x_wconf 84' lang='lat' dir='ltr'>morem&#39;),</span> <span class='ocrx_word' id='word_1_439' title='bbox 1219 4346 1249 4430; x_wconf 89' lang='lat'>8,</span> <span class='ocrx_word' id='word_1_440' title='bbox 1266 4344 1333 4429; x_wconf 91' lang='grc'>6,5</span> <span class='ocrx_word' id='word_1_441' title='bbox 1353 4344 1497 4409; x_wconf 84' lang='lat' dir='ltr'>‘nomine</span> 
     </span>
     <span class='ocr_line' id='line_1_40' title="bbox 94 4448 1497 4538; baseline -0.003 -20"><span class='ocrx_word' id='word_1_442' title='bbox 94 4453 231 4536; x_wconf 87' lang='lat' dir='ltr'>sororis&#39;,</span> <span class='ocrx_word' id='word_1_443' title='bbox 250 4452 300 4534; x_wconf 90' lang='lat'>14,</span> <span class='ocrx_word' id='word_1_444' title='bbox 313 4452 343 4535; x_wconf 89' lang='lat'>5,</span> <span class='ocrx_word' id='word_1_445' title='bbox 356 4453 376 4516; x_wconf 89' lang='grc'>3</span> <span class='ocrx_word' id='word_1_446' title='bbox 389 4453 484 4536; x_wconf 89' lang='lat' dir='ltr'>‘regis</span> <span class='ocrx_word' id='word_1_447' title='bbox 496 4452 632 4516; x_wconf 88' lang='lat' dir='ltr'>nomine’</span> <span class='ocrx_word' id='word_1_448' title='bbox 651 4451 695 4538; x_wconf 76' lang='lat'>(9,</span> <span class='ocrx_word' id='word_1_449' title='bbox 709 4451 737 4534; x_wconf 94' lang='lat'>7,</span> <span class='ocrx_word' id='word_1_450' title='bbox 753 4451 792 4516; x_wconf 90' lang='grc'>13</span> <span class='ocrx_word' id='word_1_451' title='bbox 807 4451 877 4516; x_wconf 83' lang='lat' dir='ltr'>‘sub</span> <span class='ocrx_word' id='word_1_452' title='bbox 890 4453 1018 4516; x_wconf 90' lang='lat' dir='ltr'>nomine</span> <span class='ocrx_word' id='word_1_453' title='bbox 1030 4450 1224 4538; x_wconf 81' lang='lat' dir='ltr'>Myrtales’),</span> <span class='ocrx_word' id='word_1_454' title='bbox 1240 4450 1292 4532; x_wconf 87' lang='lat'>34,</span> <span class='ocrx_word' id='word_1_455' title='bbox 1302 4448 1360 4533; x_wconf 91' lang='grc'>3,8</span> <span class='ocrx_word' id='word_1_456' title='bbox 1373 4450 1497 4534; x_wconf 55' lang='lat' dir='ltr'>(specie</span> 
     </span>
    </p>
   </div>
   <div class='ocr_carea' id='block_1_13' title="bbox 94 4553 1610 4642">
    <p class='ocr_par' dir='ltr' id='par_1_14' title="bbox 94 4553 1610 4642">
     <span class='ocr_line' id='line_1_41' title="bbox 94 4553 1610 4642; baseline -0.003 -20"><span class='ocrx_word' id='word_1_457' title='bbox 94 4557 255 4640; x_wconf 84' lang='lat' dir='ltr'>venandi&#39;,</span> <span class='ocrx_word' id='word_1_458' title='bbox 273 4557 339 4642; x_wconf 87' lang='lat'>(12,</span> <span class='ocrx_word' id='word_1_459' title='bbox 350 4557 409 4640; x_wconf 90' lang='lat'>7,2</span> <span class='ocrx_word' id='word_1_460' title='bbox 422 4557 492 4621; x_wconf 84' lang='lat' dir='ltr'>‘sub</span> <span class='ocrx_word' id='word_1_461' title='bbox 507 4558 612 4642; x_wconf 91' lang='lat' dir='ltr'>specie</span> <span class='ocrx_word' id='word_1_462' title='bbox 626 4555 835 4638; x_wconf 90' lang='lat' dir='ltr'>insidiarum&#39;,</span> <span class='ocrx_word' id='word_1_463' title='bbox 853 4555 904 4638; x_wconf 95' lang='lat'>27,</span> <span class='ocrx_word' id='word_1_464' title='bbox 913 4554 1053 4638; x_wconf 82' lang='lat' dir='ltr'>3,4‘sub</span> <span class='ocrx_word' id='word_1_465' title='bbox 1068 4557 1178 4641; x_wconf 90' lang='lat' dir='ltr'>specie</span> <span class='ocrx_word' id='word_1_466' title='bbox 1191 4556 1330 4619; x_wconf 91' lang='lat' dir='ltr'>sororiae</span> <span class='ocrx_word' id='word_1_467' title='bbox 1341 4553 1496 4637; x_wconf 70' lang='lat' dir='ltr'>ultionis,</span> <span class='ocrx_word' id='word_1_468' title='bbox 1608 4562 1610 4632; x_wconf 75' lang='grc' dir='ltr'>ζ</span> 
     </span>
    </p>
   </div>
   <div class='ocr_carea' id='block_1_14' title="bbox 0 0 1628 5092">
    <p class='ocr_par' dir='ltr' id='par_1_15' title="bbox 0 0 1628 5092">
     <span class='ocr_line' id='line_1_42' title="bbox 0 0 1628 5092; baseline 0 0"><span class='ocrx_word' id='word_1_469' title='bbox 0 0 1628 5092; x_wconf 95' lang='lat' dir='ltr'> </span> 
     </span>
    </p>
   </div>
  </div>
 </body>
</html>
