3225 5092
150 221 203 297 62Ι

151 435 183 498 p.
201 411 236 494 4)
254 411 430 477 observare
446 412 508 476 sibi
528 411 733 497 videbantur,
755 415 883 477 omnino
898 412 1037 497 adesset,
1062 415 1167 499 opinio
1190 435 1229 476 ea
1252 435 1456 498 nequaquam
1477 437 1543 478 con-

149 515 339 598 firmaretur,
362 538 437 580 cum
456 519 490 580 in
509 515 563 581 illo
584 520 689 602 capite
706 516 854 582 Gelliano
873 527 1000 581 tantum
1020 539 1044 580 s.
1059 517 1098 581 31
1120 540 1138 581 e
1154 517 1262 602 Figuli
1282 539 1377 603 opere
1397 516 1542 581 haustam

150 643 223 684 esse
241 628 376 703 constet,
393 631 425 685 61
437 621 581 705 profecto
593 621 775 685 mirandum
792 623 842 703 sit,
859 643 922 706 quo
933 621 1028 685 modo
1039 621 1253 685 Merchlinius
1268 643 1341 686 ann.
1354 620 1430 706 phil.
1444 622 1544 707 suppl.

149 724 209 808 ΙΠ,
222 748 253 810 p.
268 724 329 789 677
347 746 384 788 eo
399 723 552 789 aberrare
564 728 713 810 potuerit,
729 734 765 788 ut
776 734 879 789 totum
892 724 989 790 Gellii
1002 735 1100 815 caput
1111 725 1242 809 Nigidio
1258 725 1425 811 tribueret,
1441 747 1543 810 quam·

149 851 246 914 quam
262 828 387 894 Gellius
405 852 429 893 6.
443 829 486 893 30
501 832 665 914 expressis
684 829 793 894 verbis
816 831 1012 894 contrarium
1027 839 1174 912 testatur,
1196 852 1270 894 cum
1286 839 1359 916 post
1372 829 1545 915 longiorem

147 934 302 998 Favorini
318 934 359 997 de
378 936 485 1001 ventis
502 934 754 1019 disputationem
770 933 881 1021 (quam
897 934 940 998 ad
955 936 1057 1020 ipsius
1072 935 1225 999 Favorini
1239 937 1414 1012 παντοδαπὴν
1430 937 1543 1016 ἱστορίαν

148 1037 352 1102 referendam
368 1059 438 1101 esse
451 1037 623 1103 Kaibelius
639 1041 672 1103 in
689 1040 956 1103 commentatione
968 1038 1073 1103 bonae
1084 1039 1185 1123 frugis
1198 1038 1295 1124 plena
1305 1038 1419 1104 Herm.
1432 1048 1454 1102 1.
1467 1039 1542 1104 XX.

147 1145 277 1226 inserta,
300 1143 352 1206 cui
373 1143 537 1227 inscripsit
557 1143 691 1208 ‘Antike
711 1143 934 1225 Windrosen’,
955 1143 1166 1229 probabiliter
1186 1146 1297 1208 statuit
1316 1165 1347 1229 p.
1364 1143 1429 1208 593
1449 1146 1542 1230 666),

149 1246 231 1312 haec
247 1248 305 1310 ait:
323 1245 431 1326 ‘Quod
447 1269 547 1332 supra
563 1256 671 1312 autem
694 1247 763 1312 dixi
789 1251 898 1326 ἐτησίας
918 1271 960 1312 ex
977 1249 1041 1312 alia
1056 1257 1152 1333 61666
1173 1247 1236 1312 alia
1256 1245 1337 1311 caeli
1351 1257 1444 1332 parte
1459 1247 1545 1325 flare,

151 1351 238 1415 haud
260 1351 336 1435 scio,
357 1373 398 1415 an
416 1361 544 1415 secutus
561 1354 743 1437 opinionem
759 1352 934 1418 multorum
951 1361 1074 1417 temere
1094 1352 1242 1418 dixerim.
1273 1352 1309 1415 P.
1323 1354 1406 1416 enim
1423 1353 1544 1437 Nigidii

148 1458 181 1519 in
203 1455 346 1520 secundo
367 1454 533 1538 librorum,
555 1477 635 1541 quos
656 1456 696 1520 de
716 1467 815 1520 vento
837 1460 1030 1542 composuit,
1051 1456 1154 1521 verba
1174 1454 1256 1520 haec
1272 1458 1409 1521 sunt...'
1438 1459 1545 1541 itaque

149 1563 254 1646 opinio
271 1582 392 1643 eorum,
410 1563 464 1645 qui
476 1560 619 1646 Ampelii
631 1583 702 1647 cap.
715 1561 792 1626 ΠΗ.
807 1570 839 1624 61
849 1561 890 1625 V.
904 1561 1033 1647 Nigidio
1045 1561 1238 1644 tribuerunt,
1254 1561 1341 1625 nullo
1357 1570 1544 1645 argumento

151 1665 354 1751 comprobari
376 1674 490 1750 potest.
521 1667 618 1731 immo
639 1666 963 1731 animadvertendum
984 1675 1033 1730 est
1054 1688 1119 1730 non
1142 1666 1245 1730 solum
1267 1665 1316 1750 id,
1336 1664 1423 1751 quod
1445 1667 1478 1729 in
1500 1667 1545 1728 in·

151 1773 325 1855 scriptione
347 1772 462 1854 capitis
478 1770 555 1835 ΠΠ.
570 1771 610 1834 de
627 1770 799 1835 duodecim
814 1773 922 1834 ventis
937 1771 991 1854 agi
1006 1770 1134 1852 11161161,
1154 1770 1311 1835 Varronis
1324 1769 1455 1834 tabulae
1471 1768 1547 1833 duo-

150 1875 255 1939 decim
271 1883 441 1939 ventorum
459 1876 643 1957 convenire,
661 1875 830 1940 sedetiam
848 1877 962 1960 capitis
978 1876 1018 1939 V.
1032 1877 1136 1960 prima
1151 1875 1268 1939 verba:
1285 1875 1393 1939 ‘Venti
1407 1874 1489 1938 fiunt
1504 1897 1546 1937 ex

150 1981 232 2042 aeris
248 1987 337 2042 motu
353 1988 385 2042 61
400 1979 617 2044 inclinatione'
634 1981 741 2065 potius
757 1980 799 2044 ad
818 1979 906 2044 Suet.
924 1980 1039 2064 fragm.
1055 1981 1192 2045 16116666
1208 1979 1384 2044 eVarrone
1396 1979 1546 2043 haustum

151 2082 221 2166 150,
238 2105 269 2168 p.
283 2083 344 2146 221
363 2083 418 2146 R.:
441 2083 577 2147 ‘Ventus
598 2093 647 2147 est
663 2107 718 2148 aer
735 2093 914 2148 commotus
930 2087 999 2148 sive
1015 2085 1165 2168 agitatus'
1183 2084 1338 2169 quemad
1353 2082 1475 2167 Nigidii
1491 2105 1545 2146 ex-

148 2186 354 2271 plicationem
381 2187 556 2272 quadrare,
584 2209 667 2272 quae
694 2189 812 2272 legitur
839 2187 926 2252 Suet.
950 2187 1020 2252 rell.
1044 2211 1075 2274 p.
1100 2189 1193 2275 2361)
1217 2187 1308 2274 (16111.
1333 2188 1543 2254 (16661161.

148 2291 349 2373 XXXVIII,
368 2291 408 2356 61.
422 2291 520 2354 schol.
533 2291 641 2356 Germ.
654 2314 686 2376 p.
700 2292 773 2374 202,
789 2293 805 2355 l
821 2315 907 2378 sqq.;
923 2292 1022 2358 schol.
1032 2293 1129 2358 Bern.
1143 2303 1175 2357 61
1187 2293 1257 2357 cod.
1267 2293 1361 2356 Leid.
1374 2292 1417 2356 ad
1426 2291 1546 2375 Georg.

148 2395 287 2482 1,431):
312 2396 358 2459 ‘fit
381 2399 466 2460 enim
490 2406 605 2460 ventus
630 2419 672 2460 ex
694 2399 778 2462 aeris
802 2398 980 2461 densitate!
1013 2407 1155 2462 ceterum
1180 2398 1221 2462 de
1237 2399 1335 2482 Amp.
1354 2419 1381 2462 c.
1400 2397 1441 2461 V.
1457 2405 1547 2460 recte

30 2491 33 2498 ’
149 2500 318 2565 Kaibelius
333 2501 354 2564 l.
368 2523 394 2564 c.
409 2523 438 2585 p.
453 2500 518 2564 620
531 2501 612 2565 haec
629 2501 786 2587 disputat:
803 2502 875 2564 Das
890 2501 1081 2587 66611ἰᾶ6666
1097 2503 1234 2588 11666611
1249 2502 1296 2566 dci
1310 2500 1469 2587 1166161166
1485 2501 1548 2563 cb

150 2609 265 2681 ‘eurus
282 2605 369 2668 idem
384 2605 548 2689 apeliotes,
565 2605 652 2670 idem
668 2605 848 2670 vulturnus'
865 2608 949 2670 116116
964 2608 1045 2669 nicht
1060 2609 1092 2669 ia
1104 2607 1252 2670 Betruclrt
1267 2607 1412 2683 1166161611,
1428 2606 1550 2668 11611161·

149 2709 199 2772 1116
213 2710 417 2774 61111161111611611
430 2710 657 2774 Lateralwr'adc
669 2711 790 2796 cinfaclr
805 2712 956 2774 cotardia
971 2712 1095 2774 Nomen
1106 2713 1162 2775 der
1178 2710 1428 2775 Cardiualwiade
1443 2721 1549 2772 unter-

149 2835 324 2898 pezwunpea
346 2815 476 2878 werden.
518 2813 559 2878 So
581 2826 649 2901 6661
672 2814 850 2900 Ampelisca:
881 2817 998 2900 ‘aquilo
1025 2815 1141 2880 boreas
1169 2817 1331 2901 aparctias
1356 2815 1451 2879 idem’
1479 2816 1549 2877 111111

151 2918 332 3003 ‘zephyrus
345 2918 431 2982 idem
443 2941 546 3002 corus,
559 2919 645 2983 idem
654 2921 812 2984 favonius'
825 2921 893 2983 aad
902 2922 1015 3003 ί66166,
1028 2921 1115 2984 idem
1128 2921 1189 3006 lips
1198 2929 1230 2984 61
1241 2928 1350 2985 666161
1361 2929 1393 2983 61
1405 2919 1549 2984 africus'.

150 3022 248 3087 nihilo
260 3025 364 3086 minus
376 3022 481 3086 fusius
497 3022 538 3086 de
554 3022 615 3086 hoc
629 3032 660 3086 et
673 3023 940 3090 antecedentibus
952 3025 1113 3111 capitibus
1124 3026 1316 3109 Roehrigius
1329 3026 1395 3109 egit
1406 3046 1552 3108 suaeque

151 3126 376 3212 disputationis
392 3149 422 3211 p.
438 3127 478 3190 37
495 3125 580 3190 hanc
597 3128 674 3191 fecit
689 3151 856 3210 summam,
878 3150 961 3213 quae
977 3151 1018 3192 ne
1035 3132 1087 3193 cui
1102 3130 1240 3214 placeat,
1255 3152 1320 3193 non
1331 3151 1459 3194 vereor:
1477 3127 1554 3192 ‘Ita-

151 3251 213 3315 que
228 3240 285 3296 aut
299 3231 479 3316 Ampelius,
501 3230 555 3294 vel
571 3233 597 3295 si
613 3234 730 3310 mavis,
756 3234 952 3298 6166666161
968 3244 1033 3298 tres
1053 3237 1226 3321 scriptores
1245 3237 1278 3298 in
1299 3256 1347 3298 cc.
1366 3234 1450 3296 1-5
1470 3235 1552 3296 scri-

150 3334 265 3400 bendis
281 3334 439 3419 adhibuit,
457 3335 644 3402 Suetonium
660 3336 702 3420 (c.
719 3337 746 3421 1,
759 3337 789 3419 3,
802 3336 849 3422 4),
865 3336 988 3422 Nigidii
1003 3348 1160 3425 excerpta
1176 3340 1277 3424 (6.2),
1295 3363 1322 3404 c.
1335 3338 1356 3402 5
1371 3348 1551 3414 auctorem,

151 3440 184 3503 id
210 3441 295 3527 quod
319 3440 488 3527 probabile
512 3464 576 3506 non
600 3450 661 3519 661,
690 3444 765 3526 6616
787 3465 839 3506 166
864 3452 952 3507 61616
976 3445 1158 3525 cohaerent,
1182 3454 1239 3508 aut
1261 3447 1369 3508 omnia
1391 3445 1447 3506 uni
1469 3442 1555 3505 fonti

150 3544 319 3630 debentur,
340 3547 503 3632 excerptis
524 3546 719 3632 quibusdam
739 3570 781 3610 ex
796 3548 920 3632 Nigidii
939 3548 1091 3633 operibus
1107 3550 1251 3634 physicis
1267 3551 1372 3633 factis,
1391 3548 1554 3614 Suetonii-

151 3670 214 3734 que
230 3650 401 3714 similitudo
417 3651 493 3715 inde
509 3651 705 3736 explicanda
721 3661 778 3733 661,
796 3652 882 3737 66611
898 3653 1028 3737 Nigidio
1043 3677 1124 3734 usus⁴
1137 3663 1195 3717 est.
1223 3653 1310 3739 quod
1327 3655 1354 3716 si
1369 3654 1554 3728 statuimus,

149 3754 317 3838 Nigidium
341 3763 374 3818 et
397 3764 469 3819 octo
493 3764 524 3819 et
551 3755 722 3820 duodecim
745 3766 915 3822 ventorum
937 3757 1083 3822 tabulam
1104 3757 1293 3843 praebuisse
1315 3779 1448 3822 necesse
1479 3757 1551 3820 est'

151 3860 228 3924 ‘sed'
254 3861 358 3946 inquit
379 3863 446 3945 ‘pro
471 3870 558 3924 certo
583 3861 667 3924 hanc
695 3869 795 3925 totam
818 3865 1038 3947 quaestionem
1064 3862 1242 3927 diiudicare
1264 3884 1328 3926 non
1354 3863 1553 3948 possumus?

150 3963 233 4028 bene
249 3963 310 4028 hoc
327 3963 468 4049 quidem,
486 3964 544 4028 sed
560 3963 698 4047 mallem,
714 3987 755 4028 ne
771 3976 867 4029 antea
883 3967 952 4030 veri
968 3966 1134 4031 dissimilia
1149 3966 1231 4030 adeo
1247 3966 1451 4031 cumulasset.

253 4068 388 4132 Restant
398 4067 522 4152 Nigidii
535 4068 590 4133 ‘de
607 4069 850 4134 animalibus’
868 4079 901 4133 61
917 4070 971 4134 ‘de
987 4070 1179 4134 hominum
1194 4070 1451 4136 naturalibus'
1463 4071 1553 4135 libri.

151 4173 191 4237 de
212 4194 348 4257 quorum
367 4182 557 4256 argumento
577 4175 636 4236 vix
657 4176 831 4261 quicquam
850 4177 927 4239 novi
947 4199 967 4238 a
985 4199 1036 4241 me
1057 4176 1192 4258 adferri,
1217 4176 1257 4252 de
1278 4177 1513 4260 compositione
1535 4198 1554 4238 6

150 4277 340 4360 fragmentis
356 4278 545 4363 plerumque
562 4280 630 4342 sine
645 4277 730 4364 libri,
752 4301 769 4342 e
786 4302 849 4365 quo
866 4287 994 4366 sumpta
1010 4288 1093 4363 sunt,
1113 4302 1248 4345 numero
1267 4281 1403 4344 servatis
1420 4283 1556 4344 omnino

256 4525 276 4588 ¹)
289 4523 391 4590 Nigidii
404 4529 475 4576 enim
488 4525 673 4577 auctoritatem
684 4527 708 4577 h.
720 4527 737 4576 l.
748 4527 819 4578 ultra
828 4527 938 4578 verbum
948 4528 1137 4579 ‘serenitatem'
1147 4542 1233 4594 usque
1245 4528 1279 4578 611
1288 4530 1442 4593 ‘tempestas
1455 4527 1557 4576 futura

151 4609 199 4660 est'
212 4613 345 4676 pertinere
358 4629 512 4680 persuasum
525 4614 619 4664 habeo.
