3225 5092
1468 249 1529 311 277

135 439 265 524 scripsit
279 436 404 521 μέλλειν
419 459 478 522 pro
494 459 532 500 eo
549 436 634 521 quod
651 436 678 497 L
693 435 830 520 praebet
844 434 959 520 μέλειν.
984 438 1048 500 iam
1064 442 1090 498 si
1107 439 1178 521 quis
1194 460 1213 500 a
1229 437 1350 502 codicis
1367 440 1378 502 l
1399 439 1531 505 librario

134 543 248 607 vitium
264 540 338 605 libri
353 541 380 602 L
395 551 602 626 perspectum
618 562 687 604 esse
704 549 797 625 putat
813 549 844 603 et
860 551 1051 622 correctum,
1068 542 1233 626 explicare
1250 564 1314 606 non
1330 546 1456 629 poterit,
1474 568 1532 610 cur

133 645 393 711 idemlibrarius
416 646 499 711 male
524 646 690 731 scripserit
712 644 1070 731 001433μὲλιουσι,
1095 648 1158 725 An.
1178 646 1260 711 1335
1283 648 1399 733 μέλλει,
1424 672 1531 735 quam·

134 774 231 837 quam
248 749 275 812 L
291 772 385 825 veras
401 750 500 815 habet
520 752 696 836 scripturas
716 748 855 835 μέλουσα
873 760 905 814 et
919 748 1016 836 μέλει.
1041 749 1110 816 OR.
1131 752 1215 815 1260
1231 752 1242 814 l
1260 754 1422 843 ὑφημητοῦ
1442 778 1533 841 prae-

132 858 197 938 bet,
219 878 294 920 oum
313 858 346 919 in
363 855 390 918 L
409 852 593 945 rigo'rlynaoo
612 864 781 920 exaratum
798 858 853 936 sit3
879 854 962 919 1275
982 857 1129 943 ἐφυμνων
1148 858 1370 943 scriptumest
1389 859 1460 939 inl,
1479 856 1532 947 ἐφ’

130 963 232 1115 odas
246 1014 279 1076 in
295 1011 338 1095 L,·
358 1012 420 1078 An.
438 1012 499 1076 281
517 1014 581 1078 ὑπὸ
596 1012 677 1101 ζυγῷ
693 1011 792 1077 habet
808 1012 828 1089 l,
848 1012 1010 1097 ὑποζυμῶι
1025 1012 1063 1091 L,
1087 1012 1149 1078 849
1169 1014 1338 1081 ποταινίου
1354 1014 1374 1093 l,
1391 1012 1467 1081 ποτ’
1479 1019 1530 1083 αι’-

130 1168 214 1236 νείου
235 1168 276 1246 L,
304 1169 368 1232 996
391 1167 448 1233 ἐπὶ
466 1167 560 1255 ξυροῦ
581 1169 601 1246 ί,
624 1167 776 1253 ἐπιξυροῢ
794 1167 838 1249 L,-
861 1177 971 1233 contra
987 1192 1064 1233 vero
1085 1170 1168 1235 male
1189 1181 1264 1235 sunt
1285 1174 1456 1237 coniuncta
1475 1182 1531 1237 aut

131 1283 281 1360 separata
295 1272 456 1337 voeabula
478 1274 511 1337 in
532 1273 557 1350 l,
581 1274 642 1337 etsi
664 1275 697 1336 in
722 1273 834 1336 codiee
855 1275 1071 1341 vetustissimo
1097 1285 1186 1339 recte
1214 1278 1335 1361 scripta
1363 1287 1452 1361 sunt,
1479 1276 1528 1341 his

130 1380 222 1450 locis:
247 1377 316 1443 ΟΒ.
333 1378 396 1441 929
412 1375 592 1460 ξυνολβίοις
607 1377 627 1455 l,
643 1376 698 1454 ξὺν
710 1376 835 1460 ὀλβίοις
846 1378 873 1439 L
877 1401 889 1457 ,·
912 1379 949 1443 Ε.
967 1378 1008 1441 79
1027 1379 1091 1445 ὑπὸ
1107 1386 1281 1467 στηνούσης
1296 1380 1317 1457 ί,
1333 1381 1528 1447 ὑποστενού-

131 1506 189 1571 σης
204 1484 240 1561 L,
264 1482 325 1546 231
348 1486 414 1547 ἀπὸ
435 1483 602 1566 παύσομαι
624 1482 645 1560 l,
665 1485 902 1567 ἀποπαύσομαι
918 1482 954 1560 L,
966 1482 1042 1546 Δ269
1062 1479 1276 1570 πὰρ’ἑστίους
1293 1485 1313 1562 l,
1337 1480 1530 1571 παρεστίους

130 1588 166 1653 L.
191 1586 259 1653 Oa.
276 1587 364 1651 2237
381 1594 465 1652 πᾶσι
481 1586 615 1651 exhibet
629 1613 655 1667 ν,
673 1585 759 1671 quod
779 1587 1006 1675 ἀφελκοστικάν
1020 1586 1187 1673 adpellant
1202 1592 1415 1673 grammatici,
1436 1592 1527 1655 omis-

130 1715 174 1776 so,
192 1715 266 1756 eum
277 1694 310 1757 in
325 1692 436 1756 codice
449 1691 476 1752 L
488 1701 588 1756 πᾶσιν
603 1690 757 1755 traditum
770 1692 820 1771 sit,
837 1690 900 1754 An.
913 1691 978 1755 402
994 1692 1005 1754 l
1020 1687 1157 1770 ἔθαπτε,
1174 1694 1201 1756 L
1214 1690 1369 1775 ἔθαπτεν,
1386 1694 1449 1760 An.
1463 1695 1527 1760 576

129 1792 212 1863 ἔοικε
229 1796 249 1873 l,
269 1794 370 1861 ἔοικεν
386 1795 422 1873 L,
446 1794 509 1859 An.
528 1794 610 1859 1338
630 1790 700 1860 ἔστι
716 1794 737 1872 ί,
758 1791 845 1860 ἔστιν
861 1795 897 1860 L.
922 1817 995 1859 eum
1015 1798 1114 1880 igitur
1133 1797 1182 1861 his
1206 1797 1285 1862 loeis
1302 1799 1329 1860 L
1350 1801 1526 1884 scripturas

129 1900 285 1985 praebeat
301 1922 376 1965 cum
391 1909 494 1965 metro
509 1910 702 1986 pugnantes,
723 1900 734 1962 l
750 1909 864 1964 contra
879 1911 995 1983 rectas,
1017 1902 1048 1978 ii,
1066 1902 1121 1987 qui
1136 1902 1295 1968 Dindorfii
1312 1901 1353 1967 de
1367 1903 1461 1968 huius
1478 1926 1527 1967 co-

128 2006 210 2069 dicis
233 2007 357 2090 origine
381 2006 571 2070 sententiam
594 2003 742 2090 probant,
766 2004 808 2069 ab
832 2003 961 2069 librario
987 2014 1149 2071 correctas
1170 2029 1240 2071 esse
1264 2006 1428 2072 codicisL
1452 2010 1527 2071 seri·

128 2121 240 2196 pturas
261 2112 421 2174 coniciant
440 2131 575 2173 necesse
596 2119 652 2174 est.
682 2119 715 2173 at
737 2109 820 2173 haec
840 2112 1025 2173 coniectura
1048 2109 1179 2195 probari
1198 2135 1262 2177 non
1279 2113 1397 2197 poterit
1418 2112 1526 2196 abeo,

129 2216 184 2300 qui
195 2214 363 2301 permultis
377 2214 447 2278 aliis
458 2214 537 2278 locis
550 2214 577 2275 L
591 2222 696 2278 rectas
712 2213 808 2277 huius
821 2215 951 2298 generis
963 2216 1151 2301 scripturae,
1168 2216 1266 2281 falsas
1283 2216 1396 2281 codice
1408 2216 1420 2279 l
1435 2238 1526 2301 prae-

127 2319 198 2384 beri
217 2317 428 2402 intellexerit,
450 2317 549 2381 veluti
573 2318 610 2381 E.
630 2317 712 2381 1329
732 2321 860 2383 αάτοῖσι
879 2318 899 2394 ί,
920 2323 1064 2385 αὐτοῖσιν
1080 2320 1120 2395 L,
1140 2319 1204 2384 An.
1221 2321 1283 2383 297
1305 2319 1489 2409 ἐξανίστησι
1505 2319 1526 2395 ί,

126 2420 326 2510 ἐξανίστησιν
346 2421 386 2498 L,
410 2422 447 2485 P.
464 2419 526 2484 997
548 2419 709 2506 ἀρίστοισι
729 2421 749 2497 l,
771 2419 951 2504 ἀρίστοισιν
966 2422 1003 2500 L,
1035 2422 1117 2486 1018
1140 2424 1221 2504 ζῶσι
1240 2424 1261 2502 l,
1285 2422 1383 2503 ζῶσιν
1398 2424 1435 2501 L,
1459 2423 1526 2489 OC.

129 2527 168 2591 10
189 2528 300 2594 ἀλσεσι
320 2527 340 2607 l,
362 2527 492 2592 ἀλσεσιν
508 2526 544 2603 L,
568 2525 632 2589 600
652 2520 722 2591 ἔστι
742 2525 762 2602 l,
783 2521 871 2591 ἔστιν
886 2526 922 2606 L,
947 2526 1008 2589 867
1027 2527 1149 2611 ἀμμασι
1169 2528 1189 2603 l,
1211 2528 1353 2613 ὄμμασιν
1369 2528 1405 2606 L,
1430 2528 1466 2594 T.
1487 2529 1526 2593 10

124 2630 210 2717 τρισὶ
226 2631 246 2709 l,
266 2630 371 2715 τρισίν
386 2631 422 2708 L,
447 2631 487 2695 A.
506 2629 589 2693 1293
610 2625 757 2715 ἔσπειρεν
771 2629 792 2705 l,
813 2625 942 2716 ἔσπειρε
954 2630 990 2707 L,
1016 2631 1052 2693 E.
1069 2631 1111 2694 49
1133 2632 1285 2698 ἀθλοισιν
1300 2632 1319 2709 l,
1337 2634 1473 2698 ἀθλοισι
1488 2633 1525 2711 L,

125 2737 194 2801 OR.
208 2735 270 2801 938
286 2737 373 2802 ἐστιν
389 2736 410 2813 l,
426 2732 494 2835 ἔστι
511 2734 547 2818 L,
569 2736 604 2798 P.
622 2734 703 2797 1182
720 2736 863 2801 δόλοισιν
879 2736 899 2813 l,
917 2734 1093 2816 dolorosa,
1118 2736 1156 2802 T.
1170 2737 1211 2800 47
1229 2733 1369 2819 ἔστειχεν
1385 2737 1405 2815 ί,
1422 2732 1525 2803 ἔστει-

125 2865 159 2923 χε
176 2840 212 2918 L,
237 2840 278 2903 70
298 2838 398 2927 φασΐν
413 2840 434 2920 l,
452 2837 534 2926 φασί
549 2838 585 2919 L,
609 2838 670 2902 591
693 2835 815 2905 ἔνεστιν
832 2840 852 2916 l,
873 2838 977 2905 ἔνεστι
992 2838 1028 2920 L,
1055 2839 1139 2903 1136
1158 2842 1297 2929 ἥμαρτεν
1312 2840 1332 2919 l,
1352 2842 1472 2927 ἥμαρτε
1488 2841 1525 2904 L.

125 2946 174 3009 his
194 2944 272 3009 locis
294 2946 358 3009 iam
378 2946 455 3008 satis
475 2945 683 3030 perspicuum
705 2944 741 3007 fit
761 2944 884 3008 codicis
901 2943 911 3005 l
931 2944 1100 3009 librarium
1120 2944 1199 3008 nihil
1220 2953 1359 3008 metrum
1380 2967 1524 3010 curasse:

125 3051 234 3135 itaque
251 3038 349 3113 statui
364 3050 475 3134 nequit
489 3075 507 3113 ν
521 3047 601 3112 illud
616 3048 705 3130 locis,
723 3046 840 3132 quibus
856 3057 958 3113 metro
971 3048 1089 3113 violato
1106 3050 1140 3112 in
1153 3048 1179 3110 L
1196 3051 1348 3114 omissum
1363 3056 1420 3133 est,
1437 3048 1526 3113 addi·

126 3165 193 3218 tum
210 3176 280 3218 esse
296 3176 316 3217 a
332 3153 453 3217 codicis
469 3152 480 3214 l
495 3152 636 3232 librario,
653 3161 689 3215 ut
704 3163 842 3217 metrum
858 3155 1088 3217 rest'tueretur.
1115 3175 1231 3217 verum
1247 3175 1288 3216 ne
1308 3153 1378 3217 aliis
1395 3154 1526 3239 quidem

125 3257 204 3322 loeis
228 3256 393 3322 adfirmari
415 3266 521 3343 potest
544 3282 564 3321 a
587 3255 718 3321 librario
741 3256 795 3320 illo
819 3255 940 3321 codicis
957 3258 984 3319 L
1004 3259 1180 3342 scripturas
1200 3266 1339 3322 mutatas
1361 3279 1431 3322 esse
1454 3280 1525 3344 pro-

124 3371 247 3448 pterea,
264 3362 350 3449 quod
365 3385 518 3426 versuum
534 3362 623 3445 leges
640 3363 808 3448 scripturis
825 3361 897 3426 libri
914 3363 1122 3427 vetustissimi
1139 3363 1274 3427 violatas
1291 3383 1361 3426 esse
1381 3362 1523 3427 animad-

123 3470 284 3532 vertisset.
309 3491 384 3533 nam
401 3468 460 3531 etsi
476 3466 529 3529 hie
544 3466 609 3530 illio
625 3468 658 3530 in
674 3466 686 3528 l
701 3468 861 3553 scriptura
876 3467 1047 3546 invenitur,
1065 3489 1128 3551 qua
1144 3469 1238 3531 metri
1252 3468 1365 3531 vitium
1382 3466 1522 3552 aliquod,

124 3572 210 3658 quod
232 3581 323 3636 extat
341 3575 373 3636 in
391 3572 427 3653 L,
449 3572 613 3636 sublatum
629 3581 687 3653 est,
709 3582 817 3636 tamen
835 3573 1022 3657 saepissime
1039 3571 1171 3637 obviam
1186 3572 1268 3636 liunt
1288 3574 1321 3635 in
1338 3572 1450 3636 codiee
1470 3571 1523 3635 illo

124 3678 303 3762 scripturae
319 3676 445 3760 legibus
462 3678 604 3740 metricis
620 3685 849 3761 repugnantes,
867 3697 1064 3761 quamquam
1079 3675 1129 3739 his
1142 3676 1220 3740 locis
1233 3697 1331 3739 verae
1344 3676 1523 3761 scripturae

123 3784 158 3845 in
172 3782 242 3867 ipso
255 3781 282 3843 L
297 3780 435 3846 traditae
452 3790 535 3846 sunt.
559 3780 641 3843 haec
657 3789 811 3869 certares
827 3781 956 3845 maioris
972 3791 1021 3845 est
1036 3782 1190 3844 momenti
1207 3802 1305 3866 quam
1321 3802 1369 3861 ea,
1386 3802 1469 3865 quae
1483 3781 1523 3844 de

124 3886 369 3974 νέφελκυστικῷ
394 3884 490 3970 paulo
515 3894 589 3949 ante
614 3885 772 3948 diximus:
796 3908 871 3949 nam
891 3911 907 3947 ν
927 3884 1006 3949 illud
1028 3907 1106 3949 casu
1126 3885 1272 3949 additum
1293 3893 1348 3948 aut
1371 3886 1523 3948 omissum

124 4012 195 4053 esse
216 3989 368 4053 contendi
388 3998 504 4073 potest,
530 3991 698 4053 contrairi
721 3989 770 4052 his
794 3990 962 4073 scripturis
986 3988 1075 4053 casui
1097 3991 1270 4073 quiequam
1293 3988 1437 4054 tribuere
1459 4011 1522 4053 non

123 4094 208 4157 licet.
244 4093 365 4180 quade
382 4115 480 4157 causa
496 4092 583 4156 haud
600 4093 699 4157 dubie
714 4115 832 4179 operae
847 4094 984 4178 pretium
1003 4094 1065 4157 erit
1084 4092 1178 4156 huius
1198 4094 1326 4175 generis
1344 4094 1431 4157 locos
1447 4116 1523 4158 non-

123 4197 227 4262 nullos
244 4219 434 4283 proponere.
460 4196 500 4261 A.
520 4197 603 4261 1100
618 4198 652 4260 in
668 4218 706 4261 eo
722 4199 806 4261 inter
822 4219 855 4260 se
873 4197 1065 4262 dissentiunt
1080 4197 1091 4259 l
1107 4206 1139 4261 et
1154 4196 1190 4276 L,
1208 4197 1294 4282 quod
1310 4197 1363 4261 illo
1379 4196 1461 4261 libro
1476 4196 1522 4260 ul-

121 4304 200 4365 timo
220 4304 356 4367 trimetri
377 4302 447 4365 loco
462 4302 542 4367 λεῶν
558 4301 742 4385 praebetur,
760 4325 834 4366 cum
849 4304 882 4367 in
899 4300 1011 4366 codice
1027 4304 1244 4366 vetustissimo
1259 4302 1345 4367 λαῶν
1365 4302 1521 4386 scriptum

122 4410 172 4471 sit.
197 4405 266 4471 ΟΒ.
283 4430 315 4470 v.
334 4406 418 4470 1294
433 4406 494 4471 hoc
511 4405 606 4469 modo
622 4409 655 4470 in
671 4405 699 4468 L
713 4406 851 4471 traditus
868 4408 922 4471 sit:
939 4404 1037 4481 ἀείξει
1052 4407 1087 4471 ἀὲ
1102 4403 1157 4470 καί
1172 4404 1234 4472 σοί.
1255 4406 1395 4492 alarona
1410 4428 1444 4490 με
1459 4430 1521 4471 πο-

121 4512 185 4576 λῶν
203 4511 299 4586 τάάε;
320 4513 415 4594 metri
430 4512 545 4575 vitium
567 4532 630 4574 non
651 4519 742 4575 extat
760 4512 794 4574 in
810 4511 831 4593 l,
852 4512 907 4596 qui
922 4532 981 4596 pro
1001 4532 1034 4594 με
1050 4509 1200 4573 voculam
1215 4513 1273 4596 γὰρ
1289 4510 1434 4595 praebet.
1456 4510 1520 4575 An.

125 4613 207 4678 1228
224 4614 327 4679 verba
350 4612 375 4679 ὦ
396 4614 526 4703 τλῆμον,
546 4621 643 4681 ποῖον
663 4611 752 4701 ἔργον
771 4614 929 4701 ε’ίργασαι·
950 4612 1021 4679 τίνα
1042 4613 1193 4698 leguntur
1212 4615 1245 4678 in
1261 4615 1298 4694 L,
1319 4614 1405 4699 lpro
1425 4620 1521 4680 ποῖον
