3225 5092
12 2191 22 2270 ''''-
12 1942 30 2148 ““““““ῑῖ11’

12 2917 27 3099 0--fvffv
12 2520 30 2889 ‘Wv‘V-Wv'
12 2490 16 2494 ”

12 3955 35 4862 -W-—w—-W—-⁷
12 3448 30 3942 ν--Ἧ-,ιὴἯ-μ-Ἰ...
12 3350 16 3364 ,
12 3321 32 3331 r
12 3253 15 3264 -

2953 248 3029 312 21

229 443 546 509 Varronis
587 443 670 506 de
705 443 930 526 lingua
960 441 1200 506 Latina
1230 441 1377 505 libri
1415 444 1481 504 in
1521 442 1735 505 lucem
1764 440 2163 526 prodierunt.
2224 441 2422 506 nihilo
2454 444 2664 504 minus
2708 464 2820 528 pro
2865 452 3037 504 serti]

229 550 651 634 pronuntiare
675 548 844 625 licet,
878 549 943 610 in
968 549 1338 634 praeceptis
1361 546 1682 611 nonnullis
1706 546 2042 611 tradendis
2064 546 2399 631 Nigidium
2422 547 2736 612 Varronis
2768 552 3037 612 allaturi*

234 662 441 716 tatem
472 662 765 717 secutum
796 675 968 732 esse,
1013 653 1196 715 cuius
1235 654 1332 715 rei
1368 653 1731 715 testimonio
1773 660 1923 715 sunt
1961 651 2165 716 verba
2193 651 2387 716 Marii
2415 652 2732 716 Viatorini
2764 652 2885 716 vol.
2921 652 3037 732 VI,

235 779 299 841 p.
336 756 396 842 8,
436 758 515 821 16
547 757 748 822 Keil.:
801 756 1120 842 ‘Nigidius
1161 755 1431 840 Figulus
1478 758 1546 821 in
1595 759 2072 821 commentariis
2119 758 2249 820 suis
2289 780 2411 821 nec
2450 758 2496 821 k
2540 760 2752 844 posuit
2792 780 2913 820 nes
2953 784 3037 844 qu

227 883 354 924 nec
377 885 444 943 x,
475 862 652 925 idem
683 861 886 926 h'non
919 883 1060 925 esse
1090 861 1391 944 litteram,
1423 862 1539 925 sed
1565 871 1793 926 'notam
1822 862 2275 946 adspirationis
2306 861 2612 944 tradidit:
2648 864 3033 948 quibusmiffl

231 967 531 1030 conferas
561 965 879 1030 Prisciani
911 966 1116 1031 verba
1144 967 1198 1048 Ι,
1228 968 1328 1049 16,
1355 990 1416 1051 p.
1448 966 1528 1029 13
1559 967 1785 1031 Hertz.
1822 966 1928 1052 (fr.
1960 967 2082 1031 105
2115 989 2218 1052 ap.
2244 967 2744 1032 Wilmanusium
2788 968 2913 1032 ‘De
2945 968 3033 1032 M.

232 1069 524 1134 Terentii
568 1071 758 1136 Varr.
793 1071 937 1135 libr.
975 1071 1332 1157 gramm.’):
1390 1072 1761 1135 ‘auctoritas
1814 1079 1947 1135 tam
1987 1071 2328 1154 VarroniS,
2376 1093 2568 1157 quam
2612 1072 2816 1136 Mauri
2873 1084 3037 1136 teste

234 1173 591 1239 Censorino
621 1198 744 1240 nec
775 1176 824 1240 k
854 1198 977 1240 nec
1011 1197 1053 1261 q
1081 1199 1206 1240 nec
1236 1200 1284 1240 x
1315 1178 1383 1241 in
1407 1199 1677 1241 numero
1701 1175 1972 1240 adhibet
1994 1175 2391 1259 litterarum,'
2426 1199 2592 1261 quae
2616 1180 2700 1240 ad
2724 1180 3037 1240 Varronis

233 1279 338 1342 ‘de
401 1281 784 1365 antiquitate
835 1279 1216 1345 litterarum'
1272 1281 1489 1369 libros.
1526 1282 1851 1365 pertinere
1905 1289 2083 1345 recte
2121 1280 2588 1345 Wilmannsius
2644 1284 2680 1344 l.
2720 1305 2776 1344 0.
2812 1304 2873 1368 p.
2917 1284 3037 1344 124

232 1385 478 1466 statuit,
527 1385 700 1469 quod
731 1407 913 1470 OPUS,
961 1394 1184 1471 utpote
1215 1385 1394 1450 Attio
1425 1387 1716 1467 missum,
1760 1386 1933 1450 circa
1963 1408 2021 1450 a.
2049 1385 2335 1450 LXXX.
2363 1410 2419 1450 a.
2448 1384 2596 1452 Chr.
2628 1412 2688 1448 n.
2724 1388 3034 1472 seriptum

229 1510 371 1551 esse
426 1497 698 1554 constat.
783 1488 1035 1575 reliqua
1096 1500 1313 1555 autem
1364 1491 1680 1556 Varronis
1734 1490 2129 1574 fragmenta,
2198 1511 2366 1574 quae
2421 1492 2504 1553 ad
2564 1492 2836 1556 sanderi]
2901 1516 3037 1556 rem

230 1602 554 1679 spectant,
586 1594 761 1679 apud
784 1593 1008 1659 Wilm.
1037 1596 1114 1658 fr.
1141 1594 1226 1658 56
1252 1603 1318 1658 et
1340 1594 1422 1659 58
1461 1617 1496 1657 e
1527 1593 1694 1659 libro
1727 1594 1845 1659 III.
1877 1594 1979 1658 ‘de
2005 1616 2297 1659 sermone
2322 1594 2465 1658 Lat.
2492 1596 2576 1660 ad
2612 1596 2836 1660 Mat-ef
2865 1604 2929 1656 et
2953 1596 3033 1656 [15

230 1720 266 1760 6
302 1696 465 1762 libro
501 1698 604 1761 ‘de
644 1700 1110 1783 grammatica',
1155 1707 1330 1763 certe
1369 1707 1583 1763 aetate
1612 1701 1915 1764 inferiora
1940 1707 2089 1762 sunt
2128 1721 2323 1784 quam
2355 1721 2512 1784 opus
2544 1700 2808 1780 Nigidii.

294 1888 299 1891 ἱ
443 1801 638 1882 Quod
683 1805 737 1866 si
792 1812 1004 1868 statuo
1059 1803 1396 1887 Nigidium
1443 1804 1762 1890 quaedam
1821 1825 1906 1868 ex
1953 1803 2265 1868 Varronis
2312 1803 2604 1868 doctrina
2664 1807 3029 1888 sumpsissv,

223 1905 426 1970 nolim
482 1914 703 1972 tamen
767 1931 914 1972 cum
960 1909 1314 1973 Ritschelio
1372 1907 1621 1994 (opusc.
1662 1909 1786 1990 ΙΙΙ,
1827 1909 1907 1972 37
1915 1908 1983 1994 7)
2044 1907 2261 1971 dicere
2304 1907 2636 1992 Nigidium
2704 1920 2941 1972 tutum
3001 1932 3029 1968 t:

218 2012 631 2075 Varroniana
667 2013 964 2077 doctrina
1003 2014 1414 2100 pependisse.
1488 2036 1639 2077 nam
1670 2036 1796 2077 non
1838 2014 2043 2078 solum
2088 2021 2348 2098 praeter
2394 2013 2828 2096 fragmentum
2877 2012 3029 2076 illud

222 2116 463 2179 desunt
489 2114 632 2198 alia,
667 2118 902 2201 quibus
937 2119 1005 2182 id
1032 2117 1565 2204 comprobetur,¹)
1591 2118 1707 2181 sed
1731 2117 1970 2183 adsunt
1993 2119 2189 2181 etiam
2219 2117 2344 2182 loci
2366 2116 2720 2200 Nigidiani,
2752 2120 2861 2200 qui
2889 2140 3033 2180 sum

222 2220 546 2291 Varronis
590 2221 885 2287 doctrina
925 2225 1280 2297 consociari
1309 2225 1719 2308 nequeunt.²)
1788 2224 1929 2307 ipse
1973 2225 2144 2285 enim
2178 2221 2644 2286 Wilmannsius
2688 2224 2724 2284 l.
2756 2248 2808 2284 r..
2840 2244 2897 2308 1}-
2929 2224 3033 2300 510,

218 2323 374 2388 adn.
422 2325 453 2387 1
499 2325 565 2387 in
619 2326 818 2391 rebus
862 2326 1184 2391 nonnullis
1225 2327 1460 2392 Lucilii
1519 2328 1727 2411 magis
1783 2349 1979 2412 quam
2014 2326 2327 2392 Varronis
2380 2328 2656 2408 vestigia.
2700 2328 3033 2408 Nigidium

221 2431 543 2513 pressisse
576 2432 926 2509 contendit,
969 2433 1035 2496 id
1079 2433 1253 2518 quod
1286 2434 1343 2495 ei
1376 2455 1410 2496 6
1443 2433 1825 2516 fragmentis
1862 2435 1931 2496 in
1964 2430 2157 2496 Gellii
2187 2431 2227 2494 l.
2254 2431 2443 2512 XIII,
2471 2456 2608 2516 cap.
2640 2432 2720 2492 ΞΗ
2756 2432 3033 2492 servatis

221 2534 551 2618 adparere
583 2532 949 2600 videbatur.
1025 2545 1091 2599 at
1120 2560 1203 2600 ne
1235 2536 1357 2601 hoc
1391 2537 1653 2622 quidem
1684 2559 1912 2600 verum
1945 2544 2057 2599 est.
2130 2538 2196 2599 in
2228 2537 2305 2599 iis
2337 2537 2504 2600 enim
2540 2544 2828 2620 aperiam
2869 2540 3033 2600 int-er

217 2637 559 2720 Nigidium
592 2617 1015 2705 et'Luoilium
1038 2640 1526 2726 Varronemque
1560 2641 2023 2705 dissensionem
2055 2642 2340 2725 conspici
2370 2648 2440 2702 ut
2469 2640 2584 2704 tihi
2620 2640 3029 2724 pei-suarinas,

222 2745 780 2827 comparationem
811 2748 897 2807 sis
928 2746 1194 2810 institue
1227 2745 1512 2811 locorum
1543 2745 1714 2809 infra
1745 2747 2245 2830 exscriptorum:

213 2881 466 2963 Nigidii
499 2880 576 2947 fr.
607 2883 879 2948 XXXV
906 2882 1099 2971 (Gell.
1121 2885 1311 2967 XIII,
1337 2886 1443 2966 26,
1469 2887 1566 2971 2):
1734 2884 1968 2948 Lucilii
1998 2883 2143 2947 libri
2177 2883 2395 2948 VIIII.
2423 2884 2500 2948 fr.
2536 2884 2628 2964 1:41,
2660 2908 2720 2948 v.
2756 2884 2824 2944 17
2857 2884 2973 2948 M:

214 3002 479 3066 ‘deinde
523 3005 850 3071 voculatio
884 3009 994 3091 qui
1034 3008 1271 3091 poterit
1303 3009 1569 3090 servari,
1680 3009 1715 3068 ‘.
1740 3057 1751 3070 .
1777 3027 2000 3090 ‚porro
2026 3005 2149 3070 hoc
2177 3008 2259 3069 sit
2285 3005 2461 3070 ‘filiu'
2492 3008 2704 3088 [ιω-,ἲς
2748 3008 2752 3088 Ι
2796 3004 3025 3068 feceris

216 3109 270 3170 si
289 3130 420 3171 non
445 3110 722 3173 sciemus
738 3111 805 3172 in
830 3111 1216 3193 nominibuS,
1243 3119 1313 3174 ut
1328 3110 1570 3192 Valeri,
1678 3115 1699 3175 i
1724 3111 1949 3196 solum,
1983 3120 2055 3174 ut
2078 3110 2330 3175 Corneli
2358 3109 2788 3196 Cornifieiquz:
2820 3112 2825 3176 Ι
2861 3132 3021 3172 inen-

212 3221 435 3277 utrum
467 3215 909 3298 interrogandi
949 3239 1033 3279 an
1075 3217 1361 3303 vocandi
1401 3218 1571 3281 sint?
1680 3215 1845 3278 daci'
1898 3215 2202 3300 Furique.
2251 3214 2456 3278 addes
2512 3240 2568 3294 e,
2628 3236 2776 3276 eum
2828 3216 3021 3276 ‘dahi'

214 3340 371 3382 nam
451 3320 892 3403 interrogandi
965 3321 1254 3385 secunda
1318 3320 1572 3406 syllaba
1678 3322 1892 3385 Furei'
1937 3320 1945 3406 Ι
1985 3320 2283 3384 iusseris!

216 3512 421 3562 firmari
462 3513 565 3562 hoc
599 3512 872 3563 Ciceronis
906 3517 1211 3565 testimonio
1247 3516 1406 3577 (Tim.
1437 3531 1480 3564 c.
1515 3519 1559 3577 1,
1596 3515 1689 3564 ubi
1723 3515 1925 3580 Nigidii
1962 3521 2233 3580 tamquam
2267 3516 2466 3564 mortui
2502 3516 2828 3564 mentionem
2877 3516 3025 3572 fauit]

220 3599 364 3649 bene
389 3601 600 3649 monuit
624 3600 942 3666 Roehrigius
968 3601 1000 3650 l.
1024 3619 1062 3651 s.
1085 3618 1127 3651 c.
1151 3619 1198 3666 p.
1222 3604 1304 3663 28,
1331 3601 1451 3651 adn.
1478 3605 1519 3650 1.

431 3685 473 3750 1)
499 3685 643 3737 Illud
663 3689 823 3751 enim,
849 3703 956 3753 quo
978 3690 1157 3753 agitur
1177 3689 1242 3738 de
1262 3683 1460 3756 ’ἄγγμοΰ
1473 3688 1672 3750 littera,
1693 3691 1726 3739 i.
1747 3689 1854 3739 e.N
1874 3693 2000 3739 ante
2020 3688 2367 3754 guttai-alem,
2388 3704 2524 3754 quan
2547 3688 2752 3748 dicitur,
2776 3688 2861 3752 [fr.
2889 3692 3021 3752 ΗΠ).

215 3772 394 3821 simile
418 3771 623 3837 Nigidii
646 3774 948 3839 fragmento
973 3775 1128 3824 LHII
1151 3774 1315 3837 (Gell.
1336 3776 1562 3839 XVIIII,
1585 3779 1665 3842 14,
1690 3776 1756 3842 7),
1782 3792 1813 3826 θ
1838 3776 1987 3825 libris
2014 3777 2097 3826 ‘de
2122 3779 2329 3842 origine
2353 3776 2388 3828 l.
2405 3777 2484 3827 L.*
2508 3783 2776 3840 sumptum
2804 3784 2901 3836 nst,
2929 3784 3017 3840 qui

221 3876 330 3923 quo
355 3865 597 3924 tempore
622 3862 805 3926 scripti
830 3863 951 3922 sint,
987 3863 1314 3927 ignoramus.
1368 3868 1606 3912 ceterum
1639 3864 1697 3912 in
1730 3863 1829 3912 hac
1863 3878 1921 3912 re
1959 3865 2172 3928 utrique
2208 3866 2315 3912 iam
2340 3863 2516 3912 Attius
2542 3872 2917 3928 praecesserat.
2957 3872 3017 3912 ui.

217 3946 475 3997 Bitschel.
497 3963 674 4011 opusc.
699 3948 821 4011 IIII,
841 3966 890 4014 p.
918 3951 1015 3998 144
1035 3966 1146 4014 sqq.
1191 3949 1334 4015 quod
1359 3954 1539 3999 autem
1564 3949 1976 4000 Willmannsius
2008 3968 2057 4016 p.
2079 3953 2147 4000 48
2180 3956 2372 4017 putare
2397 3951 2608 4000 videtur
2634 3952 2925 4016 Nigidium,
2965 3960 3021 4000 ut

218 4033 600 4096 pronuntiandi
619 4035 883 4085 rationem
905 4036 1236 4085 ‘sermonem'
1256 4041 1473 4086 vocaret
1487 4035 1575 4101 (cf.
1597 4037 1660 4086 fr.
1680 4037 1994 4087 XXXVIIII
2006 4059 2066 4079 =
2081 4036 2217 4089 Gell.
2239 4037 2388 4098 XIII,
2408 4036 2479 4102 6),
2503 4040 2752 4084 'dm-remis
2772 4040 3021 4104 Hxssliilili,‡

217 4124 541 4169 commotum
569 4135 700 4183 esse,
727 4120 830 4172 hoc
855 4121 1012 4172 nihili
1039 4129 1136 4174 est.

424 4205 466 4270 ²)
493 4206 618 4256 Huc
660 4224 768 4257 non
811 4209 982 4261 audeo
1030 4210 1208 4262 locum
1259 4213 1456 4264 referre
1500 4211 1644 4279 apud
1689 4212 1829 4263 Gell.
1860 4213 1927 4275 X,
1959 4215 1991 4262 4
2026 4217 2293 4263 servatum
2330 4212 2421 4278 (de
2454 4212 2628 4260 vei-his
2672 4212 2917 4276 *quadam
2969 4216 3014 4260 vi

215 4297 267 4340 et
303 4293 513 4342 ratione
548 4299 770 4346 naturae
803 4297 1000 4361 factis'3
1051 4299 1175 4350 vide
1217 4316 1377 4366 supra
1410 4317 1460 4364 p.
1494 4300 1596 4365 13),
1640 4300 1785 4351 unde
1817 4300 2139 4366 Roehrigius
2172 4300 2207 4350 1.
2239 4316 2283 4350 c.
2313 4318 2361 4367 p.
2384 4303 2447 4350 41
2488 4300 2704 4364 uuliegit
2740 4300 3013 4364 Nigidium.

216 4394 246 4427 a
277 4379 534 4429 Varronis
578 4380 847 4446 doctrina,
900 4386 992 4450 qui
1036 4392 1090 4436 et
1131 4392 1319 4438 contra
1370 4387 1674 4453 analogiam
1729 4393 1784 4438 et
1827 4404 1921 4452 pro
1967 4387 2217 4453 analogia
2269 4387 2584 4453 disputavit,
2640 4388 2832 4436 deindo
2889 4404 3013 4436 neu-

216 4472 344 4516 tram
373 4469 638 4518 rationem
667 4468 828 4534 plane
863 4478 1064 4522 rectam
1093 4489 1209 4523 esse
1237 4475 1442 4538 docuit,
1484 4476 1816 4525 ‘recessisse'.
1853 4491 1976 4525 nam
2004 4476 2228 4526 fortasse
2266 4475 2399 4525 nihil
2429 4475 2576 4524 aliud
2608 4476 2732 4524 fecit
2756 4476 3013 4540 Nigidiuu.

218 4554 315 4603 nisi
344 4555 505 4620 quod,
524 4572 619 4607 cur
644 4556 856 4608 videri
881 4578 915 4625 p
927 4575 957 4609 0
969 4575 1027 4610 ss
1039 4566 1149 4611 ent
1177 4562 1341 4612 verba
1361 4577 1476 4612 esse
1496 4562 1764 4613 naturalia
1781 4564 1951 4628 magis
1970 4579 2129 4628 quam
2151 4563 2446 4626 arbitraria,
2474 4564 2804 4628 argmneutis
2836 4564 3017 4612 multis·

218 4639 518 4693 illustravit.
