3225 5092
1348 292 1352 299 .
1438 230 1499 295 155

101 423 240 488 verbum
262 431 444 488 extremum
465 423 775 509 collocatur(1118,
795 422 866 504 137,
883 423 1015 508 11120).
1047 433 1190 487 atamen
1210 423 1294 486 hanc
1310 423 1416 506 legem
1437 446 1501 486 non

100 537 169 594 tam
193 537 378 592 constanter
394 528 580 592 observavit
603 539 722 608 orator,
746 537 782 590 ut
800 527 904 592 verba
927 529 1020 592 aliter
1043 528 1245 592 conformare
1267 550 1330 592 non
1354 527 1500 609 auderet,

101 631 204 696 veluti
219 633 236 696 l
251 632 291 696 bl
314 641 346 696 et
361 632 412 698 III
430 632 479 714 13,
500 632 557 696 ubi
578 632 710 718 quidem
730 633 824 696 aliter
844 633 953 696 dicere
969 634 1028 695 vix
1047 633 1160 716 potuit,
1181 632 1244 695 etI
1262 631 1332 714 104,
1353 631 1409 695 ubi
1429 641 1502 716 post

101 741 222 818 ἀγῶνας,
239 737 280 800 de
296 736 414 822 quibus
431 737 595 804 enuntiato
612 739 759 823 sequenti
771 739 954 821 exponitur,
970 735 1064 821 plura
1075 736 1178 801 verba
1192 736 1344 820 leguntur
1360 735 1500 820 (καθίστα-

102 845 163 904 σθαι
173 845 255 903 trena
262 849 316 903 τῶν
328 847 457 924 πρότερον
467 842 685 926 γεγενημένων),
703 863 786 926 quae
796 843 928 926 quidem
938 843 1045 906 omnia
1057 851 1125 905 arte
1136 840 1310 905 cohaerent
1318 862 1393 904 cum
1401 839 1501 903 verbo

102 949 223 1028 ἀγῶνας.
241 945 299 1009 sed
310 967 384 1009 cum
393 946 579 1010 Herodotus
591 946 624 1009 id
634 956 772 1028 curaret,
784 956 828 1023 ut,
840 968 898 1030 quo
910 947 1009 1029 nupia
1021 955 1155 1008 enataret
1166 968 1227 1008 coe
1237 945 1296 1008 illa
1309 944 1502 1029 explicanda

104 1061 133 1114 et
149 1073 230 1136 proc
251 1051 357 1113 ceteris
377 1049 551 1137 efferretur,
573 1073 639 1114 eom
654 1053 685 1114 in
700 1051 772 1136 apsa
779 1049 892 1136 fronte
907 1050 1070 1114 collocaret
1085 1053 1163 1132 eius,
1179 1073 1259 1134 qaue
1270 1048 1433 1133 particula
1447 1053 1501 1130 γάρ

101 1154 251 1241 infertur,
269 1156 491 1219 enuntiationis
503 1155 745 1241 amplicatioue,¹)
761 1155 851 1218 velut
864 1154 932 1219 IIII
945 1156 974 1236 l,
993 1154 1064 1236 103,
1082 1154 1181 1219 VIIII
1200 1155 1249 1232 11,
1266 1153 1453 1218 Andocides
1468 1153 1502 1216 id

102 1282 235 1346 prorsus
252 1261 406 1344 neglexit.
440 1263 501 1325 etsi
517 1261 603 1324 enim
618 1260 669 1324 III
688 1260 725 1322 11
741 1260 938 1323 necessitate
954 1260 1097 1345 quadam
1113 1269 1244 1324 coactus
1267 1260 1375 1340 εἰρήνην
1398 1259 1502 1343 primo

103 1365 174 1430 loeo
191 1369 311 1451 posuit,
327 1365 344 1428 Ι
362 1364 424 1428 104
440 1373 472 1428 et
487 1365 538 1428 III
553 1365 609 1446 41,
631 1363 687 1429 ubi
703 1364 789 1428 idem
805 1364 915 1428 facere
935 1366 1052 1451 potuit,
1070 1364 1172 1428 verba
1193 1367 1286 1446 ἀγῶνα
1302 1373 1335 1426 et
1348 1365 1502 1445 πρεσβεύων

102 1469 199 1553 longe
214 1469 335 1534 distant
351 1469 393 1533 ab
409 1469 499 1532 initio
515 1469 680 1532 enuntiati.

788 1625 818 1689 2.

212 1747 310 1812 Nulla
325 1746 484 1832 particula
495 1748 695 1833 frequentius
711 1744 921 1812 adhibetur
936 1745 983 1810 ad
998 1747 1301 1811 interclusiones
1321 1748 1503 1812 adornan-

106 1851 173 1915 das
190 1873 287 1938 quam
303 1856 371 1934 γάρ,
394 1873 459 1937 qua
479 1851 519 1915 de
541 1873 640 1915 causa
659 1849 712 1914 hic
728 1850 872 1914 breviter
887 1873 1075 1937 proponam,
1092 1874 1155 1937 quo
1171 1852 1266 1916 modo
1282 1855 1314 1915 in
1330 1851 1392 1915 hac
1408 1875 1442 1916 re
1459 1850 1503 1914 di-

104 1955 200 2019 cendi
228 1956 427 2020 consuetudo
451 1955 608 2042 paulatim
630 1965 753 2019 mutata
775 1957 824 2019 sit.
860 1955 1045 2020 Herodotus
1069 1959 1167 2040 igitur
1186 1979 1245 2042 pro
1266 1955 1419 2020 dissoluto
1440 1977 1503 2019 ser

105 2062 210 2124 monis
227 2063 274 2124 sui
290 2082 410 2145 genere
426 2060 544 2145 illaque
560 2059 779 2145 simplicitate,
797 2081 861 2144 qua
877 2061 1073 2144 parataxim,
1091 2083 1189 2146 quam
1205 2062 1330 2146 dicunt,
1346 2061 1503 2146 hypotaxi

106 2164 272 2249 praetulit,
297 2167 440 2229 omnium
464 2167 651 2249 saepissime
679 2165 741 2228 illis
764 2177 841 2228 us'us
866 2173 914 2227 est
937 2165 1046 2228 multis
1070 2167 1168 2230 etiam
1191 2165 1283 2248 locis,
1307 2165 1424 2251 quibus
1446 2187 1504 2228 nos

106 2271 309 2333 enuntiatum
332 2269 504 2350 relativum
530 2269 763 2332 desideramus.
794 2271 988 2352 posteriores
1012 2291 1090 2334 vero
1116 2272 1288 2354 scriptores
1311 2272 1375 2334 iam
1400 2280 1504 2332 certos

107 2372 170 2436 sibi
184 2372 265 2438 fines
283 2376 531 2455 constituerunt,
548 2396 588 2438 ne
605 2374 705 2437 oratio
722 2373 862 2458 quodam
878 2373 974 2436 modo
995 2372 1193 2437 dilaberetur
1212 2373 1503 2439 interclusionibus

106 2477 317 2561 Thucydides
337 2499 533 2564 quamquam
549 2500 604 2541 eas
624 2498 829 2563 nequaquam
849 2477 945 2560 fugit,
972 2487 1081 2540 tamen
1103 2477 1298 2542 moderatior
1320 2478 1381 2542 fuit
1400 2480 1433 2540 in
1458 2481 1504 2541 eis

107 2581 317 2646 admittendis
339 2591 371 2645 et
389 2584 519 2662 vitavit,
540 2605 581 2646 ne
602 2604 657 2647 eas
679 2585 899 2666 interponeret
917 2584 950 2645 in
972 2583 1146 2645 enuntiatis
1162 2582 1360 2646 secundariis
1378 2593 1506 2667 praeter

107 2686 255 2750 relativa.
287 2688 385 2751 etiam
399 2686 638 2770 angustioribus
654 2685 773 2750 finibus
795 2686 881 2749 hunc
901 2708 993 2749 usum
1016 2687 1337 2772 circumscripserunt
1353 2697 1504 2768 oratores,

107 2813 188 2876 quos
204 2793 237 2854 in
250 2790 312 2854 hac
329 2813 363 2853 re
381 2799 601 2876 perscrutatus
622 2799 671 2854 est
690 2790 728 2853 L.
745 2791 865 2874 Egger.
898 2792 1017 2854 etenim
1037 2792 1233 2875 antiquiores
1254 2800 1395 2855 oratores
1411 2793 1505 2854 inter-

107 2895 267 2959 clusiones
283 2897 425 2958 inserere
442 2894 614 2959 noluerunt
629 2917 690 2958 nee
706 2895 815 2960 media
830 2897 862 2959 in
879 2897 1045 2959 enuntiata
1057 2897 1209 2979 primaria
1225 2918 1285 2959 nec
1302 2896 1505 2978 secundaria,

108 2999 165 3062 sed
181 2999 354 3085 pleraeque
370 3000 521 3083 leguntur
541 3001 574 3062 in
589 2982 774 3081 intervallo,
792 2999 877 3084 quod
895 3008 943 3062 est
958 3001 1042 3062 inter
1058 3001 1262 3064 enuntiatum
1277 3000 1505 3065 secundarium

108 3113 140 3168 et
155 3104 344 3188 primarium
361 3103 462 3189 (And.
479 3103 495 3166 I
514 3102 563 3186 15,
580 3103 631 3167 ΙΙΙ
647 3103 687 3166 21
706 3125 723 3164 e
739 3112 849 3168 nostra
863 3103 1023 3188 scriptura
1036 3141 1076 3150 -—
1089 3111 1270 3185 παραιτοῦμαι
1285 3110 1339 3185 γάρ
1355 3104 1422 3190 -).
1451 3127 1505 3168 ne-

107 3230 170 3294 que
187 3229 263 3271 vero
277 3208 388 3270 decant
401 3208 488 3292 apud
501 3207 699 3291 Andocidem,
716 3218 752 3272 ut
767 3207 880 3292 Egger
890 3229 922 3292 p.
940 3207 983 3272 24
998 3206 1172 3291 contendit,
1190 3208 1258 3285 loci,
1275 3207 1392 3292 quibus
1408 3231 1506 3272 enun-

107 3312 223 3377 tiatum
240 3311 468 3376 secundarium
488 3312 714 3377 interclusione
736 3315 1007 3397 interrumpatur3
1034 3312 1234 3376 nam11129
1250 3314 1283 3376 in
1304 3314 1507 3378 enuntiatum

106 3417 292 3498 relativum,
318 3418 444 3481 etiamsi
464 3419 532 3482 eius
554 3417 696 3482 ambitus
717 3420 819 3482 maior
838 3427 887 3481 est
906 3439 1004 3502 quam
1029 3439 1087 3501 pro
1111 3419 1276 3481 enuntiato
1302 3417 1506 3501 secundario,

107 3521 211 3586 verba
225 3523 411 3585 inseruntur
426 3525 480 3602 χρὴ
496 3524 549 3604 γὰρ
566 3525 836 3600 &inpraetermisse
852 3525 1026 3602 γεγενημένα
1041 3524 1139 3595 καλῶς
1155 3524 1362 3598 βουλεύσασθαι.

795 3748 824 3811 3.

211 3869 362 3956 Inprimis
378 3880 488 3935 autem
503 3870 566 3934 hoc
581 3871 652 3936 loco
668 3869 720 3935 ille
737 3869 916 3957 particulae
931 3876 985 3952 γάρ
1001 3894 1079 3935 usus
1094 3871 1310 3936 nominandus
1326 3881 1388 3953 est,
1410 3893 1507 3956 quem

106 3975 254 4062 plerique
270 3976 579 4059 praepositivum
600 3973 791 4061 dixerunt.²)
822 3976 974 4059 Hartung
989 3998 1076 4058 vero,
1094 3976 1146 4040 die
1162 3976 1283 4062 grieeh.
1296 3976 1382 4041 Part.
1397 3999 1429 4062 p.
1443 3976 1508 4040 464

107 4089 139 4142 et
155 4077 304 4160 Schraut,
320 4085 374 4162 γάρ
386 4080 419 4142 in
431 4079 721 4164 vorgeschobenen
735 4080 853 4144 Samen
866 4083 962 4143 etiam
975 4081 1093 4144 talibus
1106 4081 1185 4144 loeis
1197 4079 1318 4145 nullam
1331 4081 1427 4145 aliam
1440 4083 1507 4144 vim

106 4183 286 4269 particulae
306 4188 358 4264 γάρ
380 4184 512 4248 subesse
534 4183 646 4248 dicunt
666 4205 763 4268 quam
783 4183 1035 4247 adfirmativam.
1068 4184 1125 4247 sed
1145 4187 1265 4248 rectius
1286 4184 1410 4248 Piderit
1430 4208 1504 4249 ann.

108 4343 313 4350 ...φὴ-η...-

214 4429 232 4495 ¹)
251 4408 292 4480 cf.
305 4429 487 4480 Broschmann
501 4448 526 4496 p.
540 4432 581 4480 28.

211 4516 231 4572 ²)
251 4517 393 4567 Biiumlein
410 4535 435 4583 p.
454 4519 494 4580 75,
508 4518 637 4569 Kuehuer
649 4537 673 4584 p.
692 4520 751 4580 854,
769 4518 950 4585 Seruatinger‚
964 4520 996 4569 de
1014 4518 1146 4584 particula
1159 4515 1213 4585 γάρ,
1227 4518 1259 4567 cf.
1274 4518 1399 4568 Bursiani
1416 4517 1506 4567 annal.

105 4603 155 4654 XV
166 4605 225 4668 272,
236 4605 329 4670 Poppo
339 4604 424 4656 Thuc.
433 4604 568 4672 Prolegg,
580 4607 593 4655 I
604 4609 619 4655 2
629 4623 655 4672 p.
669 4606 727 4669 305,
741 4605 866 4657 Gebauer
878 4607 912 4656 ad
922 4606 1021 4672 Lysiae
1031 4607 1083 4656 XII
1098 4610 1127 4655 15
1142 4610 1169 4655 et
1181 4621 1224 4671 pp.
1239 4608 1297 4670 214,
1310 4607 1375 4669 4913
1388 4605 1507 4670 itemque
