<?xml version="1.0" encoding="UTF-8"?>
<!DOCTYPE html PUBLIC "-//W3C//DTD XHTML 1.0 Transitional//EN"
    "http://www.w3.org/TR/xhtml1/DTD/xhtml1-transitional.dtd">
<html xmlns="http://www.w3.org/1999/xhtml" xml:lang="en" lang="en">
 <head>
  <title>
</title>
<meta http-equiv="Content-Type" content="text/html;charset=utf-8" />
  <meta name='ocr-system' content='tesseract 3.04.00' />
  <meta name='ocr-capabilities' content='ocr_page ocr_carea ocr_par ocr_line ocrx_word'/>
</head>
<body>
  <div class='ocr_page' id='page_1' title='image "./dissertationesp06wiengoog_0161.png"; bbox 0 0 3225 5092; ppageno 0'>
   <div class='ocr_carea' id='block_1_1' title="bbox 63 305 121 369">
    <p class='ocr_par' dir='ltr' id='par_1_1' title="bbox 63 305 121 369">
     <span class='ocr_line' id='line_1_1' title="bbox 63 305 121 369; baseline -0.017 0"><span class='ocrx_word' id='word_1_1' title='bbox 63 305 121 369; x_wconf 78' lang='grc'><strong>148</strong></span> 
     </span>
    </p>
   </div>
   <div class='ocr_carea' id='block_1_2' title="bbox 62 445 1471 4710">
    <p class='ocr_par' dir='ltr' id='par_1_2' title="bbox 62 445 1468 2620">
     <span class='ocr_line' id='line_1_2' title="bbox 63 445 1459 535; baseline -0.003 -22"><span class='ocrx_word' id='word_1_2' title='bbox 63 450 238 535; x_wconf 87' lang='lat' dir='ltr'><strong>postposito</strong></span> <span class='ocrx_word' id='word_1_3' title='bbox 251 451 283 513; x_wconf 91' lang='lat' dir='ltr'><strong>in</strong></span> <span class='ocrx_word' id='word_1_4' title='bbox 296 450 484 514; x_wconf 83' lang='lat' dir='ltr'><strong>memoriam</strong></span> <span class='ocrx_word' id='word_1_5' title='bbox 497 457 676 528; x_wconf 89' lang='lat' dir='ltr'><strong>revocetur,</strong></span> <span class='ocrx_word' id='word_1_6' title='bbox 691 447 748 511; x_wconf 89' lang='lat' dir='ltr'><strong>sed</strong></span> <span class='ocrx_word' id='word_1_7' title='bbox 760 447 849 528; x_wconf 92' lang='lat' dir='ltr'><strong>illud,</strong></span> <span class='ocrx_word' id='word_1_8' title='bbox 864 469 981 532; x_wconf 86' lang='lat' dir='ltr'><strong>exque</strong></span> <span class='ocrx_word' id='word_1_9' title='bbox 994 446 1055 510; x_wconf 93' lang='lat' dir='ltr'><strong>hoc</strong></span> <span class='ocrx_word' id='word_1_10' title='bbox 1068 446 1197 531; x_wconf 85' lang='lat' dir='ltr'>pendet,</span> <span class='ocrx_word' id='word_1_11' title='bbox 1211 449 1236 508; x_wconf 77' lang='grc' dir='ltr'><strong>οἱ</strong></span> <span class='ocrx_word' id='word_1_12' title='bbox 1249 449 1340 527; x_wconf 87' lang='grc' dir='ltr'>λόγοι.</span> <span class='ocrx_word' id='word_1_13' title='bbox 1372 445 1459 530; x_wconf 89' lang='lat' dir='ltr'><strong>apud</strong></span> 
     </span>
     <span class='ocr_line' id='line_1_3' title="bbox 64 549 1460 638; baseline -0.004 -22"><span class='ocrx_word' id='word_1_14' title='bbox 64 552 268 616; x_wconf 83' lang='lat' dir='ltr'><strong>Andocidem</strong></span> <span class='ocrx_word' id='word_1_15' title='bbox 285 553 416 638; x_wconf 90' lang='lat' dir='ltr'><strong>quidem</strong></span> <span class='ocrx_word' id='word_1_16' title='bbox 430 551 578 618; x_wconf 89' lang='lat' dir='ltr'><strong>omnihus</strong></span> <span class='ocrx_word' id='word_1_17' title='bbox 594 551 681 631; x_wconf 89' lang='lat' dir='ltr'><strong>locis,</strong></span> <span class='ocrx_word' id='word_1_18' title='bbox 699 553 753 636; x_wconf 90' lang='lat' dir='ltr'><strong>qui</strong></span> <span class='ocrx_word' id='word_1_19' title='bbox 770 551 911 615; x_wconf 87' lang='lat' dir='ltr'><strong>conferri</strong></span> <span class='ocrx_word' id='word_1_20' title='bbox 926 561 1070 635; x_wconf 83' lang='lat' dir='ltr'>possunt,</span> <span class='ocrx_word' id='word_1_21' title='bbox 1086 549 1233 627; x_wconf 87' lang='lat' dir='ltr'><strong>verbum,</strong></span> <span class='ocrx_word' id='word_1_22' title='bbox 1250 573 1267 614; x_wconf 93' lang='lat' dir='ltr'><strong>e</strong></span> <span class='ocrx_word' id='word_1_23' title='bbox 1284 573 1348 637; x_wconf 91' lang='lat' dir='ltr'><strong>quo</strong></span> <span class='ocrx_word' id='word_1_24' title='bbox 1363 571 1460 614; x_wconf 87' lang='lat' dir='ltr'><strong>enun-</strong></span> 
     </span>
     <span class='ocr_line' id='line_1_4' title="bbox 63 653 1459 741; baseline -0.003 -21"><span class='ocrx_word' id='word_1_25' title='bbox 63 659 177 721; x_wconf 90' lang='lat' dir='ltr'><strong>tiatum</strong></span> <span class='ocrx_word' id='word_1_26' title='bbox 192 657 363 721; x_wconf 87' lang='lat' dir='ltr'><strong>relativum</strong></span> <span class='ocrx_word' id='word_1_27' title='bbox 384 667 496 741; x_wconf 85' lang='lat' dir='ltr'><strong>aptum</strong></span> <span class='ocrx_word' id='word_1_28' title='bbox 516 666 574 735; x_wconf 91' lang='lat' dir='ltr'><strong>est,</strong></span> <span class='ocrx_word' id='word_1_29' title='bbox 595 665 650 719; x_wconf 92' lang='lat' dir='ltr'><strong>aut</strong></span> <span class='ocrx_word' id='word_1_30' title='bbox 670 657 777 740; x_wconf 92' lang='lat' dir='ltr'><strong>ipsum</strong></span> <span class='ocrx_word' id='word_1_31' title='bbox 791 658 926 719; x_wconf 85' lang='lat' dir='ltr'><strong>iteratur</strong></span> <span class='ocrx_word' id='word_1_32' title='bbox 945 665 1002 718; x_wconf 90' lang='lat' dir='ltr'><strong>aut</strong></span> <span class='ocrx_word' id='word_1_33' title='bbox 1022 654 1084 719; x_wconf 90' lang='lat' dir='ltr'><strong>alio</strong></span> <span class='ocrx_word' id='word_1_34' title='bbox 1098 656 1255 739; x_wconf 91' lang='lat' dir='ltr'><strong>repetitur</strong></span> <span class='ocrx_word' id='word_1_35' title='bbox 1271 654 1302 740; x_wconf 84' lang='lat' dir='ltr'><strong>(I</strong></span> <span class='ocrx_word' id='word_1_36' title='bbox 1318 653 1369 734; x_wconf 84' lang='lat'><strong>88,</strong></span> <span class='ocrx_word' id='word_1_37' title='bbox 1388 653 1459 737; x_wconf 81' lang='lat'><strong>149,</strong></span> 
     </span>
     <span class='ocr_line' id='line_1_5' title="bbox 65 757 1460 846; baseline -0.006 -20"><span class='ocrx_word' id='word_1_38' title='bbox 65 762 136 843; x_wconf 81' lang='lat'><strong>119,</strong></span> <span class='ocrx_word' id='word_1_39' title='bbox 146 761 239 842; x_wconf 69' lang='lat'><strong>1115,</strong></span> <span class='ocrx_word' id='word_1_40' title='bbox 255 763 294 826; x_wconf 85' lang='lat' dir='ltr'><strong>cl.</strong></span> <span class='ocrx_word' id='word_1_41' title='bbox 305 762 407 824; x_wconf 80' lang='lat' dir='ltr'><strong>Thuc.</strong></span> <span class='ocrx_word' id='word_1_42' title='bbox 417 762 433 825; x_wconf 91' lang='grc' dir='ltr'>Ι</span> <span class='ocrx_word' id='word_1_43' title='bbox 443 759 494 841; x_wconf 88' lang='grc'><strong>80,</strong></span> <span class='ocrx_word' id='word_1_44' title='bbox 505 760 534 841; x_wconf 84' lang='grc'><strong>3,</strong></span> <span class='ocrx_word' id='word_1_45' title='bbox 544 759 611 824; x_wconf 87' lang='lat' dir='ltr'>IIII</span> <span class='ocrx_word' id='word_1_46' title='bbox 626 759 678 842; x_wconf 84' lang='lat'><strong>44,</strong></span> <span class='ocrx_word' id='word_1_47' title='bbox 694 760 716 823; x_wconf 87' lang='grc'>4</span> <span class='ocrx_word' id='word_1_48' title='bbox 730 765 787 834; x_wconf 86' lang='grc' dir='ltr'>τοῖς</span> <span class='ocrx_word' id='word_1_49' title='bbox 803 763 828 822; x_wconf 82' lang='grc' dir='ltr'><strong>δ’</strong></span> <span class='ocrx_word' id='word_1_50' title='bbox 840 761 950 839; x_wconf 78' lang='grc' dir='ltr'>ἡμίσεσι</span> <span class='ocrx_word' id='word_1_51' title='bbox 965 769 1018 821; x_wconf 85' lang='grc' dir='ltr'><strong>τῶν</strong></span> <span class='ocrx_word' id='word_1_52' title='bbox 1035 761 1184 842; x_wconf 79' lang='grc' dir='ltr'>Κορινθίων</span> <span class='ocrx_word' id='word_1_53' title='bbox 1202 758 1255 846; x_wconf 85' lang='lat' dir='ltr'><strong>[ef.</strong></span> <span class='ocrx_word' id='word_1_54' title='bbox 1266 759 1319 842; x_wconf 80' lang='lat'><strong>42,</strong></span> <span class='ocrx_word' id='word_1_55' title='bbox 1331 757 1373 846; x_wconf 86' lang='lat'><strong>4],</strong></span> <span class='ocrx_word' id='word_1_56' title='bbox 1391 761 1417 820; x_wconf 84' lang='grc' dir='ltr'><strong>οἳ</strong></span> <span class='ocrx_word' id='word_1_57' title='bbox 1432 763 1460 819; x_wconf 81' lang='grc' dir='ltr'><strong>ἐν</strong></span> 
     </span>
     <span class='ocr_line' id='line_1_6' title="bbox 64 861 1462 950; baseline -0.001 -24"><span class='ocrx_word' id='word_1_58' title='bbox 64 874 98 948; x_wconf 86' lang='grc' dir='ltr'><strong>τῇ</strong></span> <span class='ocrx_word' id='word_1_59' title='bbox 119 868 262 950; x_wconf 66' lang='grc' dir='ltr'>Κεγχρειᾷ</span> <span class='ocrx_word' id='word_1_60' title='bbox 283 868 414 941; x_wconf 81' lang='grc' dir='ltr'>ἐκάθηντο</span> <span class='ocrx_word' id='word_1_61' title='bbox 435 867 564 944; x_wconf 80' lang='grc' dir='ltr'>ρθλακες,</span> <span class='ocrx_word' id='word_1_62' title='bbox 581 901 622 910; x_wconf 92' lang='grc'><strong>--</strong></span> <span class='ocrx_word' id='word_1_63' title='bbox 638 867 740 937; x_wconf 74' lang='grc' dir='ltr'>τούτοις</span> <span class='ocrx_word' id='word_1_64' title='bbox 760 865 790 926; x_wconf 78' lang='lat' dir='ltr'><strong>oh</strong></span> <span class='ocrx_word' id='word_1_65' title='bbox 811 866 969 942; x_wconf 78' lang='grc' dir='ltr'>κατάδηλος</span> <span class='ocrx_word' id='word_1_66' title='bbox 989 867 1006 941; x_wconf 83' lang='grc' dir='ltr'>ἠ</span> <span class='ocrx_word' id='word_1_67' title='bbox 1024 870 1101 944; x_wconf 79' lang='grc' dir='ltr'><strong>μαὶχη</strong></span> <span class='ocrx_word' id='word_1_68' title='bbox 1118 863 1176 949; x_wconf 79' lang='grc' dir='ltr'>ἦν).</span> <span class='ocrx_word' id='word_1_69' title='bbox 1210 862 1351 943; x_wconf 83' lang='lat' dir='ltr'><strong>accedit,</strong></span> <span class='ocrx_word' id='word_1_70' title='bbox 1375 861 1462 946; x_wconf 89' lang='lat' dir='ltr'><strong>quod</strong></span> 
     </span>
     <span class='ocr_line' id='line_1_7' title="bbox 65 951 1461 1054; baseline -0.002 -22"><span class='ocrx_word' id='word_1_71' title='bbox 65 969 127 1032; x_wconf 90' lang='lat' dir='ltr'><strong>hac</strong></span> <span class='ocrx_word' id='word_1_72' title='bbox 144 970 328 1033; x_wconf 90' lang='lat' dir='ltr'><strong>coniectura</strong></span> <span class='ocrx_word' id='word_1_73' title='bbox 340 979 474 1054; x_wconf 90' lang='lat' dir='ltr'><strong>recepta</strong></span> <span class='ocrx_word' id='word_1_74' title='bbox 486 990 591 1054; x_wconf 90' lang='lat' dir='ltr'><strong>neque</strong></span> <span class='ocrx_word' id='word_1_75' title='bbox 603 970 652 1029; x_wconf 81' lang='grc' dir='ltr'><strong>καί</strong></span> <span class='ocrx_word' id='word_1_76' title='bbox 661 989 768 1053; x_wconf 88' lang='lat' dir='ltr'><strong>neque</strong></span> <span class='ocrx_word' id='word_1_77' title='bbox 779 974 833 1049; x_wconf 86' lang='grc' dir='ltr'><strong>γάρ</strong></span> <span class='ocrx_word' id='word_1_78' title='bbox 846 966 945 1032; x_wconf 93' lang='lat' dir='ltr'><strong>ullam</strong></span> <span class='ocrx_word' id='word_1_79' title='bbox 957 968 1057 1033; x_wconf 90' lang='lat' dir='ltr'><strong>habet</strong></span> <span class='ocrx_word' id='word_1_80' title='bbox 1068 951 1328 1053; x_wconf 74' lang='lat' dir='ltr'><strong>explicationem.</strong></span> <span class='ocrx_word' id='word_1_81' title='bbox 1352 987 1461 1051; x_wconf 85' lang='lat' dir='ltr'><strong>quam-</strong></span> 
     </span>
     <span class='ocr_line' id='line_1_8' title="bbox 67 1070 1462 1158; baseline -0.003 -21"><span class='ocrx_word' id='word_1_82' title='bbox 67 1095 165 1158; x_wconf 90' lang='lat' dir='ltr'><strong>quam</strong></span> <span class='ocrx_word' id='word_1_83' title='bbox 184 1074 282 1156; x_wconf 84' lang='lat' dir='ltr'><strong>igitur</strong></span> <span class='ocrx_word' id='word_1_84' title='bbox 302 1073 419 1136; x_wconf 90' lang='lat' dir='ltr'><strong>Blassii</strong></span> <span class='ocrx_word' id='word_1_85' title='bbox 438 1074 624 1136; x_wconf 89' lang='lat' dir='ltr'><strong>coniectura</strong></span> <span class='ocrx_word' id='word_1_86' title='bbox 645 1071 859 1157; x_wconf 89' lang='lat' dir='ltr'><strong>improbanda</strong></span> <span class='ocrx_word' id='word_1_87' title='bbox 880 1081 939 1148; x_wconf 89' lang='lat' dir='ltr'><strong>est,</strong></span> <span class='ocrx_word' id='word_1_88' title='bbox 958 1083 1069 1136; x_wconf 91' lang='lat' dir='ltr'><strong>tamen</strong></span> <span class='ocrx_word' id='word_1_89' title='bbox 1088 1074 1175 1136; x_wconf 88' lang='lat' dir='ltr'><strong>viam</strong></span> <span class='ocrx_word' id='word_1_90' title='bbox 1195 1070 1247 1136; x_wconf 89' lang='lat' dir='ltr'><strong>ille</strong></span> <span class='ocrx_word' id='word_1_91' title='bbox 1268 1081 1462 1136; x_wconf 85' lang='lat' dir='ltr'><strong>monstrasse</strong></span> 
     </span>
     <span class='ocr_line' id='line_1_9' title="bbox 66 1175 1462 1263; baseline -0.003 -24"><span class='ocrx_word' id='word_1_92' title='bbox 66 1176 206 1261; x_wconf 88' lang='lat' dir='ltr'><strong>videtur,</strong></span> <span class='ocrx_word' id='word_1_93' title='bbox 228 1197 291 1262; x_wconf 89' lang='lat' dir='ltr'><strong>qua</strong></span> <span class='ocrx_word' id='word_1_94' title='bbox 311 1199 425 1240; x_wconf 86' lang='lat' dir='ltr'><strong>manus</strong></span> <span class='ocrx_word' id='word_1_95' title='bbox 442 1178 606 1260; x_wconf 88' lang='lat' dir='ltr'><strong>scriptoris</strong></span> <span class='ocrx_word' id='word_1_96' title='bbox 622 1177 747 1240; x_wconf 89' lang='lat' dir='ltr'><strong>restitui</strong></span> <span class='ocrx_word' id='word_1_97' title='bbox 762 1178 872 1262; x_wconf 82' lang='lat' dir='ltr'><strong>possit.</strong></span> <span class='ocrx_word' id='word_1_98' title='bbox 905 1187 937 1240; x_wconf 91' lang='lat' dir='ltr'><strong>et</strong></span> <span class='ocrx_word' id='word_1_99' title='bbox 956 1179 1025 1263; x_wconf 88' lang='lat' dir='ltr'><strong>ipse</strong></span> <span class='ocrx_word' id='word_1_100' title='bbox 1046 1178 1131 1240; x_wconf 90' lang='lat' dir='ltr'><strong>enim</strong></span> <span class='ocrx_word' id='word_1_101' title='bbox 1146 1185 1224 1262; x_wconf 90' lang='lat' dir='ltr'><strong>puto</strong></span> <span class='ocrx_word' id='word_1_102' title='bbox 1240 1175 1349 1240; x_wconf 90' lang='lat' dir='ltr'><strong>verbis</strong></span> <span class='ocrx_word' id='word_1_103' title='bbox 1364 1179 1462 1237; x_wconf 84' lang='grc' dir='ltr'>τοθτων</span> 
     </span>
     <span class='ocr_line' id='line_1_10' title="bbox 67 1281 1464 1365; baseline 0 -23"><span class='ocrx_word' id='word_1_104' title='bbox 67 1281 111 1342; x_wconf 80' lang='grc' dir='ltr'><strong>οὖν</strong></span> <span class='ocrx_word' id='word_1_105' title='bbox 126 1289 180 1342; x_wconf 84' lang='grc' dir='ltr'><strong>τῶν</strong></span> <span class='ocrx_word' id='word_1_106' title='bbox 195 1284 289 1360; x_wconf 89' lang='grc' dir='ltr'>λόγων</span> <span class='ocrx_word' id='word_1_107' title='bbox 306 1289 462 1344; x_wconf 86' lang='lat' dir='ltr'><strong>oratorem</strong></span> <span class='ocrx_word' id='word_1_108' title='bbox 479 1300 596 1343; x_wconf 91' lang='lat' dir='ltr'><strong>nomen</strong></span> <span class='ocrx_word' id='word_1_109' title='bbox 612 1282 636 1342; x_wconf 82' lang='grc' dir='ltr'><strong>οἱ</strong></span> <span class='ocrx_word' id='word_1_110' title='bbox 652 1284 732 1361; x_wconf 81' lang='grc' dir='ltr'>λόγοι</span> <span class='ocrx_word' id='word_1_111' title='bbox 747 1304 770 1344; x_wconf 92' lang='grc' dir='ltr'><strong>τ.</strong></span> <span class='ocrx_word' id='word_1_112' title='bbox 788 1305 816 1343; x_wconf 88' lang='grc' dir='ltr'><strong>κ.</strong></span> <span class='ocrx_word' id='word_1_113' title='bbox 834 1282 1006 1365; x_wconf 80' lang='lat' dir='ltr'><strong>respicere,</strong></span> <span class='ocrx_word' id='word_1_114' title='bbox 1027 1301 1110 1365; x_wconf 89' lang='lat' dir='ltr'><strong>quae</strong></span> <span class='ocrx_word' id='word_1_115' title='bbox 1130 1288 1239 1344; x_wconf 91' lang='lat' dir='ltr'><strong>autem</strong></span> <span class='ocrx_word' id='word_1_116' title='bbox 1253 1281 1298 1344; x_wconf 88' lang='lat' dir='ltr'><strong>ita</strong></span> <span class='ocrx_word' id='word_1_117' title='bbox 1313 1289 1464 1343; x_wconf 88' lang='lat' dir='ltr'><strong>nascatur</strong></span> 
     </span>
     <span class='ocr_line' id='line_1_11' title="bbox 68 1383 1464 1470; baseline 0 -24"><span class='ocrx_word' id='word_1_118' title='bbox 68 1386 344 1469; x_wconf 81' lang='lat' dir='ltr'><strong>inconsequentia,</strong></span> <span class='ocrx_word' id='word_1_119' title='bbox 358 1406 440 1464; x_wconf 87' lang='lat' dir='ltr'><strong>eam,</strong></span> <span class='ocrx_word' id='word_1_120' title='bbox 454 1384 480 1447; x_wconf 91' lang='lat' dir='ltr'><strong>si</strong></span> <span class='ocrx_word' id='word_1_121' title='bbox 488 1406 546 1468; x_wconf 89' lang='lat' dir='ltr'><strong>pro</strong></span> <span class='ocrx_word' id='word_1_122' title='bbox 557 1385 720 1448; x_wconf 91' lang='lat' dir='ltr'><strong>enuntiato</strong></span> <span class='ocrx_word' id='word_1_123' title='bbox 729 1384 865 1449; x_wconf 89' lang='lat' dir='ltr'><strong>relativo</strong></span> <span class='ocrx_word' id='word_1_124' title='bbox 878 1383 1059 1448; x_wconf 78' lang='lat' dir='ltr'><strong>liberiorem</strong></span> <span class='ocrx_word' id='word_1_125' title='bbox 1071 1386 1103 1447; x_wconf 91' lang='lat' dir='ltr'><strong>in</strong></span> <span class='ocrx_word' id='word_1_126' title='bbox 1116 1384 1249 1449; x_wconf 88' lang='lat' dir='ltr'><strong>modum</strong></span> <span class='ocrx_word' id='word_1_127' title='bbox 1263 1383 1464 1470; x_wconf 88' lang='lat' dir='ltr'><strong>parenthesis</strong></span> 
     </span>
     <span class='ocr_line' id='line_1_12' title="bbox 67 1488 1464 1574; baseline 0 -22"><span class='ocrx_word' id='word_1_128' title='bbox 67 1489 262 1569; x_wconf 82' lang='lat' dir='ltr'><strong>intercedat,</strong></span> <span class='ocrx_word' id='word_1_129' title='bbox 284 1489 392 1573; x_wconf 88' lang='lat' dir='ltr'><strong>aliqua</strong></span> <span class='ocrx_word' id='word_1_130' title='bbox 412 1509 454 1551; x_wconf 91' lang='lat' dir='ltr'><strong>ex</strong></span> <span class='ocrx_word' id='word_1_131' title='bbox 474 1497 565 1573; x_wconf 89' lang='lat' dir='ltr'><strong>parte</strong></span> <span class='ocrx_word' id='word_1_132' title='bbox 587 1489 741 1553; x_wconf 90' lang='lat' dir='ltr'><strong>imminui.</strong></span> <span class='ocrx_word' id='word_1_133' title='bbox 772 1498 806 1552; x_wconf 90' lang='lat' dir='ltr'><strong>at</strong></span> <span class='ocrx_word' id='word_1_134' title='bbox 826 1489 905 1574; x_wconf 91' lang='lat' dir='ltr'><strong>quid</strong></span> <span class='ocrx_word' id='word_1_135' title='bbox 925 1488 1085 1574; x_wconf 89' lang='lat' dir='ltr'><strong>particula</strong></span> <span class='ocrx_word' id='word_1_136' title='bbox 1103 1493 1157 1571; x_wconf 81' lang='grc' dir='ltr'><strong>γάρ</strong></span> <span class='ocrx_word' id='word_1_137' title='bbox 1177 1489 1347 1571; x_wconf 83' lang='lat' dir='ltr'><strong>faciamus,</strong></span> <span class='ocrx_word' id='word_1_138' title='bbox 1373 1491 1464 1552; x_wconf 91' lang='lat' dir='ltr'><strong>cuius</strong></span> 
     </span>
     <span class='ocr_line' id='line_1_13' title="bbox 68 1593 1465 1680; baseline 0.001 -24"><span class='ocrx_word' id='word_1_139' title='bbox 68 1596 116 1657; x_wconf 90' lang='lat' dir='ltr'><strong>vis</strong></span> <span class='ocrx_word' id='word_1_140' title='bbox 138 1594 285 1676; x_wconf 88' lang='lat' dir='ltr'><strong>causalis,</strong></span> <span class='ocrx_word' id='word_1_141' title='bbox 304 1595 451 1680; x_wconf 87' lang='lat' dir='ltr'><strong>quamvis</strong></span> <span class='ocrx_word' id='word_1_142' title='bbox 467 1593 501 1657; x_wconf 91' lang='lat' dir='ltr'><strong>in</strong></span> <span class='ocrx_word' id='word_1_143' title='bbox 522 1595 681 1678; x_wconf 89' lang='lat' dir='ltr'><strong>scriptura</strong></span> <span class='ocrx_word' id='word_1_144' title='bbox 701 1594 822 1658; x_wconf 83' lang='lat' dir='ltr'><strong>tradita</strong></span> <span class='ocrx_word' id='word_1_145' title='bbox 842 1594 928 1658; x_wconf 90' lang='lat' dir='ltr'><strong>clare</strong></span> <span class='ocrx_word' id='word_1_146' title='bbox 948 1594 1114 1679; x_wconf 89' lang='lat' dir='ltr'><strong>adpareat,</strong></span> <span class='ocrx_word' id='word_1_147' title='bbox 1135 1594 1206 1658; x_wconf 89' lang='lat' dir='ltr'><strong>loco</strong></span> <span class='ocrx_word' id='word_1_148' title='bbox 1226 1596 1273 1658; x_wconf 91' lang='lat' dir='ltr'><strong>sic</strong></span> <span class='ocrx_word' id='word_1_149' title='bbox 1294 1595 1465 1659; x_wconf 86' lang='lat' dir='ltr'><strong>const&#39;tuto</strong></span> 
     </span>
     <span class='ocr_line' id='line_1_14' title="bbox 69 1698 1464 1784; baseline 0 -22"><span class='ocrx_word' id='word_1_150' title='bbox 69 1721 133 1762; x_wconf 91' lang='lat' dir='ltr'><strong>non</strong></span> <span class='ocrx_word' id='word_1_151' title='bbox 153 1700 256 1781; x_wconf 85' lang='lat' dir='ltr'><strong>magis</strong></span> <span class='ocrx_word' id='word_1_152' title='bbox 277 1699 354 1762; x_wconf 87' lang='lat' dir='ltr'><strong>ferri</strong></span> <span class='ocrx_word' id='word_1_153' title='bbox 374 1707 479 1782; x_wconf 91' lang='lat' dir='ltr'><strong>potest</strong></span> <span class='ocrx_word' id='word_1_154' title='bbox 496 1720 604 1784; x_wconf 87' lang='lat' dir='ltr'><strong>quam,</strong></span> <span class='ocrx_word' id='word_1_155' title='bbox 624 1708 660 1762; x_wconf 93' lang='lat' dir='ltr'><strong>ut</strong></span> <span class='ocrx_word' id='word_1_156' title='bbox 679 1700 745 1762; x_wconf 88' lang='lat' dir='ltr'><strong>iam</strong></span> <span class='ocrx_word' id='word_1_157' title='bbox 760 1698 914 1780; x_wconf 85' lang='lat' dir='ltr'><strong>diximus,</strong></span> <span class='ocrx_word' id='word_1_158' title='bbox 935 1698 1161 1762; x_wconf 88' lang='lat' dir='ltr'><strong>emendatione</strong></span> <span class='ocrx_word' id='word_1_159' title='bbox 1177 1698 1293 1762; x_wconf 91' lang='lat' dir='ltr'><strong>Blassii</strong></span> <span class='ocrx_word' id='word_1_160' title='bbox 1312 1698 1464 1783; x_wconf 78' lang='lat' dir='ltr'><strong>recepta?</strong></span> 
     </span>
     <span class='ocr_line' id='line_1_15' title="bbox 70 1802 1467 1889; baseline 0 -22"><span class='ocrx_word' id='word_1_161' title='bbox 70 1825 264 1887; x_wconf 88' lang='lat' dir='ltr'><strong>reponamus</strong></span> <span class='ocrx_word' id='word_1_162' title='bbox 278 1825 349 1868; x_wconf 89' lang='lat' dir='ltr'><strong>eam</strong></span> <span class='ocrx_word' id='word_1_163' title='bbox 362 1805 396 1867; x_wconf 94' lang='lat' dir='ltr'><strong>in</strong></span> <span class='ocrx_word' id='word_1_164' title='bbox 407 1802 644 1888; x_wconf 88' lang='lat' dir='ltr'><strong>interclusione,</strong></span> <span class='ocrx_word' id='word_1_165' title='bbox 662 1806 713 1867; x_wconf 91' lang='lat' dir='ltr'><strong>cui</strong></span> <span class='ocrx_word' id='word_1_166' title='bbox 730 1805 851 1888; x_wconf 88' lang='lat' dir='ltr'><strong>optime</strong></span> <span class='ocrx_word' id='word_1_167' title='bbox 866 1807 1027 1888; x_wconf 90' lang='lat' dir='ltr'><strong>convenit,</strong></span> <span class='ocrx_word' id='word_1_168' title='bbox 1043 1806 1127 1868; x_wconf 90' lang='lat' dir='ltr'><strong>inter</strong></span> <span class='ocrx_word' id='word_1_169' title='bbox 1137 1807 1266 1866; x_wconf 84' lang='grc' dir='ltr'>ΤΑΥΤΑ</span> <span class='ocrx_word' id='word_1_170' title='bbox 1284 1814 1317 1867; x_wconf 93' lang='lat' dir='ltr'><strong>et</strong></span> <span class='ocrx_word' id='word_1_171' title='bbox 1330 1807 1391 1883; x_wconf 82' lang='grc' dir='ltr'><strong>ΤΑ,</strong></span> <span class='ocrx_word' id='word_1_172' title='bbox 1404 1826 1467 1889; x_wconf 90' lang='lat' dir='ltr'><strong>quo</strong></span> 
     </span>
     <span class='ocr_line' id='line_1_16' title="bbox 68 1907 1465 1994; baseline 0 -24"><span class='ocrx_word' id='word_1_173' title='bbox 68 1908 137 1972; x_wconf 92' lang='lat' dir='ltr'><strong>loco</strong></span> <span class='ocrx_word' id='word_1_174' title='bbox 152 1908 267 1972; x_wconf 88' lang='lat' dir='ltr'><strong>litteris</strong></span> <span class='ocrx_word' id='word_1_175' title='bbox 283 1907 468 1970; x_wconf 88' lang='lat' dir='ltr'><strong>maiusculis</strong></span> <span class='ocrx_word' id='word_1_176' title='bbox 490 1915 625 1972; x_wconf 88' lang='lat' dir='ltr'><strong>exarata</strong></span> <span class='ocrx_word' id='word_1_177' title='bbox 641 1907 736 1972; x_wconf 87' lang='lat' dir='ltr'><strong>facile</strong></span> <span class='ocrx_word' id='word_1_178' title='bbox 757 1909 859 1972; x_wconf 91' lang='lat' dir='ltr'><strong>omitti</strong></span> <span class='ocrx_word' id='word_1_179' title='bbox 880 1919 912 1972; x_wconf 89' lang='lat' dir='ltr'><strong>et</strong></span> <span class='ocrx_word' id='word_1_180' title='bbox 927 1917 1042 1994; x_wconf 89' lang='lat' dir='ltr'><strong>postea</strong></span> <span class='ocrx_word' id='word_1_181' title='bbox 1056 1907 1138 1973; x_wconf 84' lang='lat' dir='ltr'><strong>falso</strong></span> <span class='ocrx_word' id='word_1_182' title='bbox 1153 1908 1224 1974; x_wconf 91' lang='lat' dir='ltr'><strong>loco</strong></span> <span class='ocrx_word' id='word_1_183' title='bbox 1239 1909 1338 1972; x_wconf 91' lang='lat' dir='ltr'><strong>inseri</strong></span> <span class='ocrx_word' id='word_1_184' title='bbox 1352 1910 1465 1994; x_wconf 91' lang='lat' dir='ltr'><strong>potuit.</strong></span> 
     </span>
     <span class='ocr_line' id='line_1_17' title="bbox 70 2010 1465 2096; baseline -0.001 -21"><span class='ocrx_word' id='word_1_185' title='bbox 70 2010 193 2075; x_wconf 85' lang='lat' dir='ltr'><strong>scribas</strong></span> <span class='ocrx_word' id='word_1_186' title='bbox 209 2013 307 2096; x_wconf 84' lang='lat' dir='ltr'><strong>igitur</strong></span> <span class='ocrx_word' id='word_1_187' title='bbox 322 2034 464 2076; x_wconf 88' lang='lat' dir='ltr'><strong>mecum:</strong></span> <span class='ocrx_word' id='word_1_188' title='bbox 480 2013 526 2073; x_wconf 83' lang='grc' dir='ltr'><strong>καὶ</strong></span> <span class='ocrx_word' id='word_1_189' title='bbox 542 2014 567 2074; x_wconf 87' lang='grc' dir='ltr'><strong>οἱ</strong></span> <span class='ocrx_word' id='word_1_190' title='bbox 582 2013 663 2094; x_wconf 86' lang='grc' dir='ltr'>λόγοι</span> <span class='ocrx_word' id='word_1_191' title='bbox 677 2021 731 2075; x_wconf 84' lang='grc' dir='ltr'><strong>τῶν</strong></span> <span class='ocrx_word' id='word_1_192' title='bbox 746 2017 908 2096; x_wconf 81' lang='grc' dir='ltr'>κατηγόρων</span> <span class='ocrx_word' id='word_1_193' title='bbox 923 2053 966 2060; x_wconf 98' lang='grc'><strong>-</strong></span> <span class='ocrx_word' id='word_1_194' title='bbox 978 2020 1060 2075; x_wconf 74' lang='grc' dir='ltr'>ταῦτα</span> <span class='ocrx_word' id='word_1_195' title='bbox 1076 2017 1129 2096; x_wconf 82' lang='grc' dir='ltr'><strong>γὰρ</strong></span> <span class='ocrx_word' id='word_1_196' title='bbox 1144 2016 1178 2075; x_wconf 77' lang='grc' dir='ltr'><strong>τὰ</strong></span> <span class='ocrx_word' id='word_1_197' title='bbox 1194 2016 1268 2076; x_wconf 83' lang='grc' dir='ltr'>δεινὰ</span> <span class='ocrx_word' id='word_1_198' title='bbox 1283 2013 1330 2074; x_wconf 81' lang='grc' dir='ltr'><strong>καὶ</strong></span> <span class='ocrx_word' id='word_1_199' title='bbox 1345 2015 1465 2095; x_wconf 75' lang='grc' dir='ltr'>φρικώδη</span> 
     </span>
     <span class='ocr_line' id='line_1_18' title="bbox 71 2111 1466 2203; baseline 0.002 -26"><span class='ocrx_word' id='word_1_200' title='bbox 71 2118 235 2196; x_wconf 76' lang='grc' dir='ltr'>ἀνωρθίαζον</span> <span class='ocrx_word' id='word_1_201' title='bbox 251 2117 297 2177; x_wconf 79' lang='grc' dir='ltr'><strong>καὶ</strong></span> <span class='ocrx_word' id='word_1_202' title='bbox 312 2120 415 2195; x_wconf 90' lang='grc' dir='ltr'>λόγους</span> <span class='ocrx_word' id='word_1_203' title='bbox 431 2114 505 2178; x_wconf 80' lang='grc' dir='ltr'>εἷπον</span> <span class='ocrx_word' id='word_1_204' title='bbox 520 2168 526 2179; x_wconf 94' lang='grc'>.</span> <span class='ocrx_word' id='word_1_205' title='bbox 542 2167 547 2178; x_wconf 96' lang='grc'><em>.</em></span> <span class='ocrx_word' id='word_1_206' title='bbox 564 2111 628 2179; x_wconf 80' lang='lat'><strong>.—&#39;</strong></span> <span class='ocrx_word' id='word_1_207' title='bbox 640 2121 740 2179; x_wconf 78' lang='grc' dir='ltr'>τουτων</span> <span class='ocrx_word' id='word_1_208' title='bbox 756 2115 800 2179; x_wconf 75' lang='grc' dir='ltr'><strong>οὖν</strong></span> <span class='ocrx_word' id='word_1_209' title='bbox 818 2119 879 2194; x_wconf 83' lang='grc' dir='ltr'>ἐμοὶ</span> <span class='ocrx_word' id='word_1_210' title='bbox 894 2126 947 2180; x_wconf 85' lang='grc' dir='ltr'><strong>τῶν</strong></span> <span class='ocrx_word' id='word_1_211' title='bbox 962 2121 1057 2199; x_wconf 85' lang='grc' dir='ltr'>λόγων</span> <span class='ocrx_word' id='word_1_212' title='bbox 1077 2138 1154 2203; x_wconf 67' lang='lat' dir='ltr'><strong>eqn,</strong></span> <span class='ocrx_word' id='word_1_213' title='bbox 1169 2140 1252 2203; x_wconf 84' lang='lat' dir='ltr'><strong>quae</strong></span> <span class='ocrx_word' id='word_1_214' title='bbox 1267 2117 1371 2182; x_wconf 79' lang='lat' dir='ltr'><strong>verba</strong></span> <span class='ocrx_word' id='word_1_215' title='bbox 1390 2127 1466 2202; x_wconf 85' lang='lat' dir='ltr'><strong>apte</strong></span> 
     </span>
     <span class='ocr_line' id='line_1_19' title="bbox 62 2219 1468 2308; baseline 0 -25"><span class='ocrx_word' id='word_1_216' title='bbox 62 2219 275 2304; x_wconf 88' lang='lat' dir='ltr'><strong>&#39;adplicantur</strong></span> <span class='ocrx_word' id='word_1_217' title='bbox 297 2220 339 2284; x_wconf 90' lang='lat' dir='ltr'><strong>ad</strong></span> <span class='ocrx_word' id='word_1_218' title='bbox 363 2223 551 2303; x_wconf 89' lang='lat' dir='ltr'><strong>sententias,</strong></span> <span class='ocrx_word' id='word_1_219' title='bbox 576 2243 658 2306; x_wconf 89' lang='lat' dir='ltr'><strong>quae</strong></span> <span class='ocrx_word' id='word_1_220' title='bbox 682 2225 847 2287; x_wconf 88' lang='lat' dir='ltr'><strong>enuntiato</strong></span> <span class='ocrx_word' id='word_1_221' title='bbox 868 2222 1003 2287; x_wconf 87' lang='lat' dir='ltr'><strong>relativo</strong></span> <span class='ocrx_word' id='word_1_222' title='bbox 1023 2224 1209 2308; x_wconf 89' lang='lat' dir='ltr'><strong>interposito</strong></span> <span class='ocrx_word' id='word_1_223' title='bbox 1233 2227 1299 2304; x_wconf 78' lang='grc' dir='ltr'>ὅπερ</span> <span class='ocrx_word' id='word_1_224' title='bbox 1322 2223 1384 2300; x_wconf 86' lang='grc' dir='ltr'>ἐμοὶ</span> <span class='ocrx_word' id='word_1_225' title='bbox 1406 2223 1468 2304; x_wconf 76' lang='grc' dir='ltr'>περὶ</span> 
     </span>
     <span class='ocr_line' id='line_1_20' title="bbox 68 2325 1467 2410; baseline 0.002 -24"><span class='ocrx_word' id='word_1_226' title='bbox 68 2325 195 2386; x_wconf 74' lang='grc' dir='ltr'>πλείστου</span> <span class='ocrx_word' id='word_1_227' title='bbox 211 2325 280 2385; x_wconf 77' lang='grc' dir='ltr'>ἐστὶν</span> <span class='ocrx_word' id='word_1_228' title='bbox 296 2327 366 2402; x_wconf 81' lang='grc' dir='ltr'>ὑμᾶς</span> <span class='ocrx_word' id='word_1_229' title='bbox 380 2330 470 2387; x_wconf 79' lang='grc' dir='ltr'>πεῖσαι</span> <span class='ocrx_word' id='word_1_230' title='bbox 487 2325 696 2410; x_wconf 88' lang='lat' dir='ltr'><strong>praecedunt.</strong></span> <span class='ocrx_word' id='word_1_231' title='bbox 728 2326 815 2410; x_wconf 90' lang='lat' dir='ltr'><strong>quod</strong></span> <span class='ocrx_word' id='word_1_232' title='bbox 830 2335 939 2390; x_wconf 90' lang='lat' dir='ltr'><strong>autem</strong></span> <span class='ocrx_word' id='word_1_233' title='bbox 954 2327 1075 2391; x_wconf 87' lang='lat' dir='ltr'><strong>residet</strong></span> <span class='ocrx_word' id='word_1_234' title='bbox 1091 2326 1317 2409; x_wconf 90' lang='lat' dir='ltr'><strong>anacoluthon,</strong></span> <span class='ocrx_word' id='word_1_235' title='bbox 1337 2349 1401 2390; x_wconf 93' lang='lat' dir='ltr'><strong>non</strong></span> <span class='ocrx_word' id='word_1_236' title='bbox 1418 2337 1467 2390; x_wconf 89' lang='lat' dir='ltr'><strong>est</strong></span> 
     </span>
     <span class='ocr_line' id='line_1_21' title="bbox 69 2427 1466 2516; baseline 0.003 -26"><span class='ocrx_word' id='word_1_237' title='bbox 69 2428 200 2512; x_wconf 83' lang='lat' dir='ltr'><strong>gravius</strong></span> <span class='ocrx_word' id='word_1_238' title='bbox 216 2427 441 2513; x_wconf 87' lang='lat' dir='ltr'><strong>molestiusque</strong></span> <span class='ocrx_word' id='word_1_239' title='bbox 458 2450 555 2514; x_wconf 87' lang='lat' dir='ltr'><strong>quam</strong></span> <span class='ocrx_word' id='word_1_240' title='bbox 572 2428 659 2515; x_wconf 92' lang='lat' dir='ltr'><strong>quod</strong></span> <span class='ocrx_word' id='word_1_241' title='bbox 676 2429 812 2514; x_wconf 84' lang='lat' dir='ltr'><strong>legimus</strong></span> <span class='ocrx_word' id='word_1_242' title='bbox 828 2430 927 2495; x_wconf 89' lang='lat' dir='ltr'><strong>Isocr.</strong></span> <span class='ocrx_word' id='word_1_243' title='bbox 941 2431 1009 2495; x_wconf 93' lang='lat' dir='ltr'><strong>IlII</strong></span> <span class='ocrx_word' id='word_1_244' title='bbox 1024 2431 1094 2512; x_wconf 88' lang='lat'><strong>108,</strong></span> <span class='ocrx_word' id='word_1_245' title='bbox 1108 2431 1175 2495; x_wconf 87' lang='lat' dir='ltr'><strong>XII</strong></span> <span class='ocrx_word' id='word_1_246' title='bbox 1190 2431 1265 2511; x_wconf 79' lang='lat'>1183</span> <span class='ocrx_word' id='word_1_247' title='bbox 1281 2431 1321 2496; x_wconf 87' lang='lat' dir='ltr'><strong>cf.</strong></span> <span class='ocrx_word' id='word_1_248' title='bbox 1331 2430 1466 2516; x_wconf 86' lang='lat' dir='ltr'><strong>Kampf·</strong></span> 
     </span>
     <span class='ocr_line' id='line_1_22' title="bbox 69 2532 1123 2620; baseline 0.003 -23"><span class='ocrx_word' id='word_1_249' title='bbox 69 2556 137 2614; x_wconf 91' lang='lat' dir='ltr'><strong>ner,</strong></span> <span class='ocrx_word' id='word_1_250' title='bbox 155 2532 196 2597; x_wconf 91' lang='lat' dir='ltr'><strong>de</strong></span> <span class='ocrx_word' id='word_1_251' title='bbox 213 2534 335 2597; x_wconf 90' lang='lat' dir='ltr'><strong>anacol.</strong></span> <span class='ocrx_word' id='word_1_252' title='bbox 353 2532 441 2618; x_wconf 91' lang='lat' dir='ltr'><strong>apud</strong></span> <span class='ocrx_word' id='word_1_253' title='bbox 457 2533 596 2616; x_wconf 73' lang='lat' dir='ltr'><strong>Thuc.§</strong></span> <span class='ocrx_word' id='word_1_254' title='bbox 634 2535 663 2598; x_wconf 85' lang='lat'><strong>3.</strong></span> <span class='ocrx_word' id='word_1_255' title='bbox 1118 2611 1123 2620; x_wconf 25' lang='lat'>¹</span> 
     </span>
    </p>

    <p class='ocr_par' dir='ltr' id='par_1_3' title="bbox 69 2636 1469 3144">
     <span class='ocr_line' id='line_1_23' title="bbox 174 2636 1466 2725; baseline 0.001 -25"><span class='ocrx_word' id='word_1_256' title='bbox 174 2636 253 2701; x_wconf 84' lang='lat'><strong>130</strong></span> <span class='ocrx_word' id='word_1_257' title='bbox 273 2647 379 2701; x_wconf 91' lang='lat' dir='ltr'><strong>orator</strong></span> <span class='ocrx_word' id='word_1_258' title='bbox 400 2637 478 2701; x_wconf 88' lang='lat' dir='ltr'><strong>dicit</strong></span> <span class='ocrx_word' id='word_1_259' title='bbox 497 2649 723 2703; x_wconf 88' lang='lat' dir='ltr'><strong>accusatorum</strong></span> <span class='ocrx_word' id='word_1_260' title='bbox 739 2638 842 2703; x_wconf 90' lang='lat' dir='ltr'><strong>verba</strong></span> <span class='ocrx_word' id='word_1_261' title='bbox 863 2639 942 2704; x_wconf 91' lang='lat' dir='ltr'><strong>nihil</strong></span> <span class='ocrx_word' id='word_1_262' title='bbox 962 2640 1004 2704; x_wconf 87' lang='lat' dir='ltr'><strong>ad</strong></span> <span class='ocrx_word' id='word_1_263' title='bbox 1025 2662 1059 2703; x_wconf 87' lang='lat' dir='ltr'><strong>se</strong></span> <span class='ocrx_word' id='word_1_264' title='bbox 1080 2641 1256 2725; x_wconf 70' lang='lat' dir='ltr'><strong>pertinere,</strong></span> <span class='ocrx_word' id='word_1_265' title='bbox 1279 2640 1360 2705; x_wconf 89' lang='lat' dir='ltr'><strong>haec</strong></span> <span class='ocrx_word' id='word_1_266' title='bbox 1381 2642 1466 2702; x_wconf 89' lang='lat' dir='ltr'><strong>enim</strong></span> 
     </span>
     <span class='ocr_line' id='line_1_24' title="bbox 71 2741 1467 2826; baseline -0.001 -21"><span class='ocrx_word' id='word_1_267' title='bbox 71 2743 230 2806; x_wconf 89' lang='lat' dir='ltr'><strong>sententia</strong></span> <span class='ocrx_word' id='word_1_268' title='bbox 246 2741 357 2806; x_wconf 87' lang='lat' dir='ltr'><strong>subest</strong></span> <span class='ocrx_word' id='word_1_269' title='bbox 372 2744 614 2826; x_wconf 88' lang='lat' dir='ltr'><strong>interrogationi</strong></span> <span class='ocrx_word' id='word_1_270' title='bbox 631 2744 812 2808; x_wconf 88' lang='lat' dir='ltr'><strong>rhetoricae</strong></span> <span class='ocrx_word' id='word_1_271' title='bbox 831 2748 931 2806; x_wconf 78' lang='lat' dir='ltr'><strong>ratres</strong></span> <span class='ocrx_word' id='word_1_272' title='bbox 951 2745 996 2807; x_wconf 84' lang='grc' dir='ltr'><strong>οὖν</strong></span> <span class='ocrx_word' id='word_1_273' title='bbox 1018 2746 1080 2820; x_wconf 81' lang='grc' dir='ltr'>ἐμοὶ</span> <span class='ocrx_word' id='word_1_274' title='bbox 1098 2753 1152 2807; x_wconf 84' lang='grc' dir='ltr'><strong>τῶν</strong></span> <span class='ocrx_word' id='word_1_275' title='bbox 1167 2748 1261 2825; x_wconf 90' lang='grc' dir='ltr'>λόγων</span> <span class='ocrx_word' id='word_1_276' title='bbox 1276 2751 1294 2821; x_wconf 79' lang='grc' dir='ltr'>ἢ</span> <span class='ocrx_word' id='word_1_277' title='bbox 1310 2753 1363 2806; x_wconf 81' lang='grc' dir='ltr'><strong>τῶν</strong></span> <span class='ocrx_word' id='word_1_278' title='bbox 1380 2748 1467 2825; x_wconf 78' lang='grc' dir='ltr'>ἔργων</span> 
     </span>
     <span class='ocr_line' id='line_1_25' title="bbox 69 2848 1468 2934; baseline 0.001 -26"><span class='ocrx_word' id='word_1_279' title='bbox 69 2849 94 2908; x_wconf 78' lang='grc' dir='ltr'><strong>τό</strong></span> <span class='ocrx_word' id='word_1_280' title='bbox 107 2853 257 2929; x_wconf 65' lang='grc' dir='ltr'>προσήκεις</span> <span class='ocrx_word' id='word_1_281' title='bbox 287 2870 383 2933; x_wconf 90' lang='lat' dir='ltr'><strong>quam</strong></span> <span class='ocrx_word' id='word_1_282' title='bbox 403 2870 472 2911; x_wconf 90' lang='lat' dir='ltr'><strong>rem</strong></span> <span class='ocrx_word' id='word_1_283' title='bbox 493 2871 531 2913; x_wconf 91' lang='lat' dir='ltr'><strong>eo</strong></span> <span class='ocrx_word' id='word_1_284' title='bbox 551 2848 691 2933; x_wconf 87' lang='lat' dir='ltr'><strong>probare</strong></span> <span class='ocrx_word' id='word_1_285' title='bbox 712 2850 830 2929; x_wconf 90' lang='lat' dir='ltr'><strong>studet,</strong></span> <span class='ocrx_word' id='word_1_286' title='bbox 851 2849 938 2934; x_wconf 89' lang='lat' dir='ltr'><strong>quod</strong></span> <span class='ocrx_word' id='word_1_287' title='bbox 961 2851 1119 2913; x_wconf 87' lang='lat' dir='ltr'><strong>rationem</strong></span> <span class='ocrx_word' id='word_1_288' title='bbox 1139 2851 1304 2913; x_wconf 87' lang='lat' dir='ltr'><strong>invertens</strong></span> <span class='ocrx_word' id='word_1_289' title='bbox 1323 2850 1392 2934; x_wconf 90' lang='lat' dir='ltr'><strong>ipse</strong></span> <span class='ocrx_word' id='word_1_290' title='bbox 1413 2869 1468 2911; x_wconf 89' lang='lat' dir='ltr'><strong>eos</strong></span> 
     </span>
     <span class='ocr_line' id='line_1_26' title="bbox 70 2951 1469 3039; baseline 0.002 -26"><span class='ocrx_word' id='word_1_291' title='bbox 70 2960 212 3027; x_wconf 88' lang='lat' dir='ltr'><strong>accusat,</strong></span> <span class='ocrx_word' id='word_1_292' title='bbox 232 2951 333 3014; x_wconf 89' lang='lat' dir='ltr'><strong>altero</strong></span> <span class='ocrx_word' id='word_1_293' title='bbox 354 2962 460 3016; x_wconf 87' lang='lat' dir='ltr'><strong>autern</strong></span> <span class='ocrx_word' id='word_1_294' title='bbox 483 2956 648 3017; x_wconf 91' lang='lat' dir='ltr'><strong>enuntiato</strong></span> <span class='ocrx_word' id='word_1_295' title='bbox 669 2975 740 3017; x_wconf 89' lang='lat' dir='ltr'><strong>eam</strong></span> <span class='ocrx_word' id='word_1_296' title='bbox 757 2955 949 3018; x_wconf 90' lang='lat' dir='ltr'><strong>sententiam</strong></span> <span class='ocrx_word' id='word_1_297' title='bbox 965 2955 1067 3018; x_wconf 86' lang='lat' dir='ltr'><strong>fusius</strong></span> <span class='ocrx_word' id='word_1_298' title='bbox 1087 2954 1239 3039; x_wconf 88' lang='lat' dir='ltr'><strong>explicat.</strong></span> <span class='ocrx_word' id='word_1_299' title='bbox 1269 2955 1356 3018; x_wconf 92' lang='lat' dir='ltr'><strong>hunc</strong></span> <span class='ocrx_word' id='word_1_300' title='bbox 1370 2955 1469 3036; x_wconf 85' lang='lat' dir='ltr'><strong>igitur</strong></span> 
     </span>
     <span class='ocr_line' id='line_1_27' title="bbox 71 3055 1468 3144; baseline 0.001 -26"><span class='ocrx_word' id='word_1_301' title='bbox 71 3055 624 3121; x_wconf 89' lang='lat' dir='ltr'><strong>sententiarumordinemBlassnon</strong></span> <span class='ocrx_word' id='word_1_302' title='bbox 633 3058 911 3144; x_wconf 88' lang='lat' dir='ltr'><strong>planeperspexit,</strong></span> <span class='ocrx_word' id='word_1_303' title='bbox 922 3066 1083 3123; x_wconf 71' lang='lat' dir='ltr'><strong>cummim</strong></span> <span class='ocrx_word' id='word_1_304' title='bbox 1092 3069 1166 3123; x_wconf 90' lang='lat' dir='ltr'><strong>ante</strong></span> <span class='ocrx_word' id='word_1_305' title='bbox 1174 3058 1468 3140; x_wconf 75' lang='grc' dir='ltr'>κατηγορῶὶααετιιίθ.</span> 
     </span>
    </p>

    <p class='ocr_par' dir='ltr' id='par_1_4' title="bbox 67 3158 1471 4498">
     <span class='ocr_line' id='line_1_28' title="bbox 173 3158 1468 3245; baseline -0.002 -21"><span class='ocrx_word' id='word_1_306' title='bbox 173 3160 211 3224; x_wconf 91' lang='lat' dir='ltr'><strong>In</strong></span> <span class='ocrx_word' id='word_1_307' title='bbox 233 3160 344 3224; x_wconf 81' lang='lat' dir='ltr'><strong>verbis</strong></span> <span class='ocrx_word' id='word_1_308' title='bbox 364 3161 381 3224; x_wconf 94' lang='lat' dir='ltr'>I</span> <span class='ocrx_word' id='word_1_309' title='bbox 401 3161 442 3224; x_wconf 82' lang='lat'><strong>95</strong></span> <span class='ocrx_word' id='word_1_310' title='bbox 459 3165 612 3242; x_wconf 78' lang='grc' dir='ltr'>Ἐπιχάρης</span> <span class='ocrx_word' id='word_1_311' title='bbox 633 3165 657 3223; x_wconf 83' lang='grc' dir='ltr'><strong>δ’</strong></span> <span class='ocrx_word' id='word_1_312' title='bbox 673 3159 761 3245; x_wconf 77' lang='grc' dir='ltr'>οὗτος,</span> <span class='ocrx_word' id='word_1_313' title='bbox 781 3168 796 3224; x_wconf 82' lang='grc' dir='ltr'>θ</span> <span class='ocrx_word' id='word_1_314' title='bbox 816 3168 924 3225; x_wconf 79' lang='grc' dir='ltr'>πάντων</span> <span class='ocrx_word' id='word_1_315' title='bbox 944 3167 1126 3244; x_wconf 82' lang='grc' dir='ltr'>πονηρότατος</span> <span class='ocrx_word' id='word_1_316' title='bbox 1145 3164 1191 3224; x_wconf 85' lang='grc' dir='ltr'><strong>καὶ</strong></span> <span class='ocrx_word' id='word_1_317' title='bbox 1208 3165 1378 3239; x_wconf 84' lang='grc' dir='ltr'>βουλόμενος</span> <span class='ocrx_word' id='word_1_318' title='bbox 1400 3158 1468 3222; x_wconf 80' lang='grc' dir='ltr'>εἶναι</span> 
     </span>
     <span class='ocr_line' id='line_1_29' title="bbox 69 3262 1468 3350; baseline 0.001 -24"><span class='ocrx_word' id='word_1_319' title='bbox 69 3271 197 3344; x_wconf 82' lang='grc' dir='ltr'>τοιοῦτος,</span> <span class='ocrx_word' id='word_1_320' title='bbox 218 3268 423 3342; x_wconf 83' lang='grc' dir='ltr'>ὁμνησικακῶν</span> <span class='ocrx_word' id='word_1_321' title='bbox 444 3270 523 3340; x_wconf 72' lang='grc' dir='ltr'>αὔτὀς</span> <span class='ocrx_word' id='word_1_322' title='bbox 544 3267 629 3348; x_wconf 76' lang='grc' dir='ltr'>αὐτῷ·</span> <span class='ocrx_word' id='word_1_323' title='bbox 651 3262 728 3341; x_wconf 76' lang='grc' dir='ltr'>οὗτος</span> <span class='ocrx_word' id='word_1_324' title='bbox 747 3269 801 3348; x_wconf 80' lang='grc' dir='ltr'><strong>γὰρ</strong></span> <span class='ocrx_word' id='word_1_325' title='bbox 823 3269 968 3342; x_wconf 78' lang='grc' dir='ltr'>ἐβουλευεν</span> <span class='ocrx_word' id='word_1_326' title='bbox 990 3269 1032 3330; x_wconf 78' lang='grc' dir='ltr'>ἐστὶ</span> <span class='ocrx_word' id='word_1_327' title='bbox 1052 3276 1105 3329; x_wconf 83' lang='grc' dir='ltr'><strong>τῶν</strong></span> <span class='ocrx_word' id='word_1_328' title='bbox 1124 3273 1267 3349; x_wconf 73' lang='grc' dir='ltr'>τριάκοντα</span> <span class='ocrx_word' id='word_1_329' title='bbox 1283 3266 1376 3330; x_wconf 81' lang='lat' dir='ltr'><strong>Blass</strong></span> <span class='ocrx_word' id='word_1_330' title='bbox 1397 3264 1468 3350; x_wconf 85' lang='lat' dir='ltr'><strong>(an.</strong></span> 
     </span>
     <span class='ocr_line' id='line_1_30' title="bbox 70 3368 1467 3456; baseline 0 -24"><span class='ocrx_word' id='word_1_331' title='bbox 70 3369 145 3432; x_wconf 92' lang='lat' dir='ltr'><strong>Ber.</strong></span> <span class='ocrx_word' id='word_1_332' title='bbox 159 3369 189 3431; x_wconf 75' lang='lat'><strong>12</strong></span> <span class='ocrx_word' id='word_1_333' title='bbox 201 3368 278 3454; x_wconf 74' lang='lat'>320)</span> <span class='ocrx_word' id='word_1_334' title='bbox 296 3370 364 3432; x_wconf 87' lang='lat' dir='ltr'><strong>sine</strong></span> <span class='ocrx_word' id='word_1_335' title='bbox 377 3372 569 3434; x_wconf 87' lang='lat' dir='ltr'><strong>necessitate</strong></span> <span class='ocrx_word' id='word_1_336' title='bbox 582 3370 879 3455; x_wconf 87' lang='lat' dir='ltr'><strong>inconsequentiam</strong></span> <span class='ocrx_word' id='word_1_337' title='bbox 893 3374 998 3436; x_wconf 88' lang='lat' dir='ltr'><strong>inesse</strong></span> <span class='ocrx_word' id='word_1_338' title='bbox 1012 3374 1161 3456; x_wconf 89' lang='lat' dir='ltr'><strong>opinatus</strong></span> <span class='ocrx_word' id='word_1_339' title='bbox 1173 3380 1231 3437; x_wconf 88' lang='lat' dir='ltr'><strong>est.</strong></span> <span class='ocrx_word' id='word_1_340' title='bbox 1256 3393 1295 3435; x_wconf 86' lang='lat' dir='ltr'><strong>ac</strong></span> <span class='ocrx_word' id='word_1_341' title='bbox 1306 3369 1467 3451; x_wconf 83' lang='lat' dir='ltr'><strong>Franche,</strong></span> 
     </span>
     <span class='ocr_line' id='line_1_31' title="bbox 71 3471 1468 3561; baseline -0.001 -25"><span class='ocrx_word' id='word_1_342' title='bbox 71 3471 112 3536; x_wconf 91' lang='lat' dir='ltr'><strong>de</strong></span> <span class='ocrx_word' id='word_1_343' title='bbox 129 3471 214 3536; x_wconf 83' lang='lat' dir='ltr'><strong>And.</strong></span> <span class='ocrx_word' id='word_1_344' title='bbox 233 3494 276 3536; x_wconf 91' lang='lat' dir='ltr'><strong>or.</strong></span> <span class='ocrx_word' id='word_1_345' title='bbox 297 3473 338 3535; x_wconf 90' lang='lat' dir='ltr'><strong>de</strong></span> <span class='ocrx_word' id='word_1_346' title='bbox 358 3495 439 3558; x_wconf 89' lang='lat' dir='ltr'><strong>pace</strong></span> <span class='ocrx_word' id='word_1_347' title='bbox 459 3495 490 3557; x_wconf 92' lang='lat' dir='ltr'><strong>p.</strong></span> <span class='ocrx_word' id='word_1_348' title='bbox 511 3473 550 3537; x_wconf 83' lang='lat'><strong>15</strong></span> <span class='ocrx_word' id='word_1_349' title='bbox 571 3474 753 3539; x_wconf 90' lang='lat' dir='ltr'><strong>cavendum</strong></span> <span class='ocrx_word' id='word_1_350' title='bbox 774 3497 844 3538; x_wconf 88' lang='lat' dir='ltr'><strong>esse</strong></span> <span class='ocrx_word' id='word_1_351' title='bbox 865 3476 920 3557; x_wconf 90' lang='lat' dir='ltr'><strong>ait,</strong></span> <span class='ocrx_word' id='word_1_352' title='bbox 941 3499 978 3539; x_wconf 89' lang='lat' dir='ltr'><strong>nc</strong></span> <span class='ocrx_word' id='word_1_353' title='bbox 989 3475 1131 3561; x_wconf 80' lang='lat' dir='ltr'><strong>fipuram</strong></span> <span class='ocrx_word' id='word_1_354' title='bbox 1149 3476 1239 3538; x_wconf 87' lang='lat' dir='ltr'><strong>illam</strong></span> <span class='ocrx_word' id='word_1_355' title='bbox 1259 3474 1468 3558; x_wconf 75' lang='lat' dir='ltr'><strong>artptcicsam,</strong></span> 
     </span>
     <span class='ocr_line' id='line_1_32' title="bbox 73 3576 1470 3661; baseline 0.001 -23"><span class='ocrx_word' id='word_1_356' title='bbox 73 3599 149 3660; x_wconf 81' lang='lat' dir='ltr'><strong>qaae</strong></span> <span class='ocrx_word' id='word_1_357' title='bbox 165 3576 353 3660; x_wconf 87' lang='lat' dir='ltr'><strong>aposiopesis</strong></span> <span class='ocrx_word' id='word_1_358' title='bbox 369 3587 508 3654; x_wconf 82' lang='lat' dir='ltr'><strong>occatur,</strong></span> <span class='ocrx_word' id='word_1_359' title='bbox 523 3588 666 3661; x_wconf 86' lang='lat' dir='ltr'><strong>putemus</strong></span> <span class='ocrx_word' id='word_1_360' title='bbox 681 3579 777 3642; x_wconf 86' lang='lat' dir='ltr'><strong>inesse</strong></span> <span class='ocrx_word' id='word_1_361' title='bbox 792 3581 824 3641; x_wconf 89' lang='lat' dir='ltr'><strong>in</strong></span> <span class='ocrx_word' id='word_1_362' title='bbox 841 3579 920 3642; x_wconf 75' lang='lat'><strong>195.</strong></span> <span class='ocrx_word' id='word_1_363' title='bbox 952 3580 1009 3644; x_wconf 90' lang='lat' dir='ltr'><strong>sed</strong></span> <span class='ocrx_word' id='word_1_364' title='bbox 1025 3579 1113 3644; x_wconf 92' lang='lat' dir='ltr'><strong>haud</strong></span> <span class='ocrx_word' id='word_1_365' title='bbox 1129 3579 1261 3643; x_wconf 84' lang='lat' dir='ltr'><strong>difficile</strong></span> <span class='ocrx_word' id='word_1_366' title='bbox 1273 3577 1470 3661; x_wconf 85' lang='lat' dir='ltr'><strong>intellegitur</strong></span> 
     </span>
     <span class='ocr_line' id='line_1_33' title="bbox 70 3680 1468 3769; baseline 0.001 -25"><span class='ocrx_word' id='word_1_367' title='bbox 70 3680 248 3765; x_wconf 88' lang='lat' dir='ltr'><strong>praedicati</strong></span> <span class='ocrx_word' id='word_1_368' title='bbox 265 3680 371 3744; x_wconf 91' lang='lat' dir='ltr'><strong>locum</strong></span> <span class='ocrx_word' id='word_1_369' title='bbox 388 3691 499 3745; x_wconf 89' lang='lat' dir='ltr'><strong>tenere</strong></span> <span class='ocrx_word' id='word_1_370' title='bbox 514 3683 722 3768; x_wconf 83' lang='lat' dir='ltr'><strong>participium</strong></span> <span class='ocrx_word' id='word_1_371' title='bbox 737 3686 751 3743; x_wconf 89' lang='grc' dir='ltr'>ό</span> <span class='ocrx_word' id='word_1_372' title='bbox 767 3692 942 3761; x_wconf 72' lang='grc' dir='ltr'>μνησικακῶν</span> <span class='ocrx_word' id='word_1_373' title='bbox 955 3683 1011 3768; x_wconf 83' lang='lat' dir='ltr'><strong>(cf.</strong></span> <span class='ocrx_word' id='word_1_374' title='bbox 1024 3683 1072 3747; x_wconf 90' lang='lat' dir='ltr'><strong>Pl.</strong></span> <span class='ocrx_word' id='word_1_375' title='bbox 1082 3682 1225 3769; x_wconf 84' lang='lat' dir='ltr'><strong>Euthyd.</strong></span> <span class='ocrx_word' id='word_1_376' title='bbox 1238 3683 1333 3746; x_wconf 75' lang='lat'>2900</span> <span class='ocrx_word' id='word_1_377' title='bbox 1350 3686 1388 3761; x_wconf 84' lang='grc' dir='ltr'><strong>μὴ</strong></span> <span class='ocrx_word' id='word_1_378' title='bbox 1405 3686 1468 3745; x_wconf 88' lang='grc' dir='ltr'><strong>όΚ.</strong></span> 
     </span>
     <span class='ocr_line' id='line_1_34' title="bbox 71 3781 1469 3869; baseline 0.004 -25"><span class='ocrx_word' id='word_1_379' title='bbox 71 3783 104 3862; x_wconf 84' lang='grc' dir='ltr'><strong>ἧν</strong></span> <span class='ocrx_word' id='word_1_380' title='bbox 125 3788 138 3844; x_wconf 84' lang='grc' dir='ltr'>ό</span> <span class='ocrx_word' id='word_1_381' title='bbox 158 3787 231 3845; x_wconf 79' lang='grc' dir='ltr'>ταῦτ’</span> <span class='ocrx_word' id='word_1_382' title='bbox 249 3781 330 3846; x_wconf 82' lang='grc' dir='ltr'>εἰπών</span> <span class='ocrx_word' id='word_1_383' title='bbox 344 3836 350 3849; x_wconf 90' lang='grc'><strong>.</strong></span> <span class='ocrx_word' id='word_1_384' title='bbox 366 3835 372 3848; x_wconf 91' lang='grc'><strong>.</strong></span> <span class='ocrx_word' id='word_1_385' title='bbox 387 3784 424 3869; x_wconf 78' lang='lat'><strong>.;)</strong></span> <span class='ocrx_word' id='word_1_386' title='bbox 449 3795 481 3850; x_wconf 91' lang='lat' dir='ltr'><strong>et</strong></span> <span class='ocrx_word' id='word_1_387' title='bbox 504 3795 663 3849; x_wconf 88' lang='lat' dir='ltr'><strong>oratorem</strong></span> <span class='ocrx_word' id='word_1_388' title='bbox 688 3808 761 3850; x_wconf 92' lang='lat' dir='ltr'><strong>cum</strong></span> <span class='ocrx_word' id='word_1_389' title='bbox 782 3787 848 3851; x_wconf 89' lang='lat' dir='ltr'><strong>leni</strong></span> <span class='ocrx_word' id='word_1_390' title='bbox 871 3789 1018 3852; x_wconf 88' lang='lat' dir='ltr'><strong>irrisione</strong></span> <span class='ocrx_word' id='word_1_391' title='bbox 1042 3788 1123 3851; x_wconf 86' lang='lat' dir='ltr'><strong>haec</strong></span> <span class='ocrx_word' id='word_1_392' title='bbox 1146 3787 1215 3850; x_wconf 87' lang='lat' dir='ltr'><strong>fere</strong></span> <span class='ocrx_word' id='word_1_393' title='bbox 1239 3786 1375 3850; x_wconf 87' lang='lat' dir='ltr'><strong>dixisse:</strong></span> <span class='ocrx_word' id='word_1_394' title='bbox 1403 3809 1469 3849; x_wconf 87' lang='lat' dir='ltr'><strong>cnm</strong></span> 
     </span>
     <span class='ocr_line' id='line_1_35' title="bbox 75 3885 1470 3978; baseline 0.003 -29"><span class='ocrx_word' id='word_1_395' title='bbox 75 3885 231 3971; x_wconf 84' lang='lat' dir='ltr'><strong>Cephisius</strong></span> <span class='ocrx_word' id='word_1_396' title='bbox 244 3898 272 3950; x_wconf 87' lang='lat' dir='ltr'><strong>et</strong></span> <span class='ocrx_word' id='word_1_397' title='bbox 281 3888 412 3952; x_wconf 80' lang='lat' dir='ltr'><strong>Meletos</strong></span> <span class='ocrx_word' id='word_1_398' title='bbox 426 3912 487 3953; x_wconf 88' lang='lat' dir='ltr'><strong>non</strong></span> <span class='ocrx_word' id='word_1_399' title='bbox 501 3890 684 3974; x_wconf 80' lang='lat' dir='ltr'><strong>deliquerint</strong></span> <span class='ocrx_word' id='word_1_400' title='bbox 696 3891 731 3954; x_wconf 85' lang='lat' dir='ltr'><strong>id</strong></span> <span class='ocrx_word' id='word_1_401' title='bbox 743 3892 843 3976; x_wconf 83' lang='lat' dir='ltr'><strong>ipsum</strong></span> <span class='ocrx_word' id='word_1_402' title='bbox 851 3893 931 3975; x_wconf 74' lang='lat' dir='ltr'><strong>quod</strong></span> <span class='ocrx_word' id='word_1_403' title='bbox 939 3891 1156 3978; x_wconf 73' lang='lat' dir='ltr'><strong>pravissimum</strong></span> <span class='ocrx_word' id='word_1_404' title='bbox 1166 3902 1209 3954; x_wconf 87' lang='lat' dir='ltr'><strong>est</strong></span> <span class='ocrx_word' id='word_1_405' title='bbox 1217 3902 1246 3954; x_wconf 89' lang='lat' dir='ltr'><strong>et</strong></span> <span class='ocrx_word' id='word_1_406' title='bbox 1254 3893 1470 3976; x_wconf 83' lang='lat' dir='ltr'><strong>impunitatem</strong></span> 
     </span>
     <span class='ocr_line' id='line_1_36' title="bbox 70 3992 1470 4081; baseline 0.004 -28"><span class='ocrx_word' id='word_1_407' title='bbox 70 3992 132 4053; x_wconf 88' lang='lat' dir='ltr'><strong>sint</strong></span> <span class='ocrx_word' id='word_1_408' title='bbox 141 3993 285 4072; x_wconf 82' lang='lat' dir='ltr'><strong>adsecuti,</strong></span> <span class='ocrx_word' id='word_1_409' title='bbox 295 3993 474 4077; x_wconf 81' lang='lat' dir='ltr'><strong>Epichares,</strong></span> <span class='ocrx_word' id='word_1_410' title='bbox 483 3995 569 4057; x_wconf 85' lang='lat' dir='ltr'><strong>homo</strong></span> <span class='ocrx_word' id='word_1_411' title='bbox 580 3995 715 4058; x_wconf 85' lang='lat' dir='ltr'><strong>omnium</strong></span> <span class='ocrx_word' id='word_1_412' title='bbox 723 3995 975 4059; x_wconf 83' lang='lat' dir='ltr'><strong>sceleratissimus</strong></span> <span class='ocrx_word' id='word_1_413' title='bbox 983 3996 1302 4081; x_wconf 83' lang='lat' dir='ltr'><strong>acpcrtinacissimus,</strong></span> <span class='ocrx_word' id='word_1_414' title='bbox 1312 3995 1393 4058; x_wconf 81' lang='lat' dir='ltr'><strong>inter</strong></span> <span class='ocrx_word' id='word_1_415' title='bbox 1409 4005 1470 4058; x_wconf 84' lang='lat' dir='ltr'><strong>tres</strong></span> 
     </span>
     <span class='ocr_line' id='line_1_37' title="bbox 71 4096 1471 4185; baseline 0.004 -27"><span class='ocrx_word' id='word_1_416' title='bbox 71 4106 263 4159; x_wconf 81' lang='lat' dir='ltr'><strong>accusatores</strong></span> <span class='ocrx_word' id='word_1_417' title='bbox 283 4096 336 4160; x_wconf 86' lang='lat' dir='ltr'><strong>ille</strong></span> <span class='ocrx_word' id='word_1_418' title='bbox 356 4108 414 4175; x_wconf 87' lang='lat' dir='ltr'><strong>cst,</strong></span> <span class='ocrx_word' id='word_1_419' title='bbox 435 4099 488 4182; x_wconf 81' lang='lat' dir='ltr'><strong>qui</strong></span> <span class='ocrx_word' id='word_1_420' title='bbox 503 4109 594 4161; x_wconf 89' lang='lat' dir='ltr'><strong>tanta</strong></span> <span class='ocrx_word' id='word_1_421' title='bbox 615 4101 771 4176; x_wconf 81' lang='lat' dir='ltr'><strong>commisit,</strong></span> <span class='ocrx_word' id='word_1_422' title='bbox 792 4100 911 4183; x_wconf 79' lang='lat' dir='ltr'><strong>ntficri</strong></span> <span class='ocrx_word' id='word_1_423' title='bbox 929 4123 988 4163; x_wconf 90' lang='lat' dir='ltr'><strong>non</strong></span> <span class='ocrx_word' id='word_1_424' title='bbox 1006 4102 1115 4185; x_wconf 85' lang='lat' dir='ltr'><strong>possit,</strong></span> <span class='ocrx_word' id='word_1_425' title='bbox 1136 4100 1211 4184; x_wconf 80' lang='lat' dir='ltr'><strong>quin</strong></span> <span class='ocrx_word' id='word_1_426' title='bbox 1230 4099 1290 4162; x_wconf 82' lang='lat' dir='ltr'><strong>sihi</strong></span> <span class='ocrx_word' id='word_1_427' title='bbox 1309 4101 1372 4184; x_wconf 86' lang='lat' dir='ltr'><strong>ipse</strong></span> <span class='ocrx_word' id='word_1_428' title='bbox 1391 4110 1471 4163; x_wconf 76' lang='lat' dir='ltr'><strong>certe</strong></span> 
     </span>
     <span class='ocr_line' id='line_1_38' title="bbox 67 4202 1470 4286; baseline 0.002 -22"><span class='ocrx_word' id='word_1_429' title='bbox 67 4211 217 4286; x_wconf 84' lang='lat' dir='ltr'><strong>perpetuo</strong></span> <span class='ocrx_word' id='word_1_430' title='bbox 233 4223 347 4265; x_wconf 86' lang='lat' dir='ltr'><strong>memor</strong></span> <span class='ocrx_word' id='word_1_431' title='bbox 361 4204 402 4265; x_wconf 88' lang='lat' dir='ltr'><strong>sit</strong></span> <span class='ocrx_word' id='word_1_432' title='bbox 417 4202 588 4285; x_wconf 76' lang='lat' dir='ltr'><strong>maloram,-</strong></span> <span class='ocrx_word' id='word_1_433' title='bbox 603 4205 629 4266; x_wconf 91' lang='lat' dir='ltr'><strong>is</strong></span> <span class='ocrx_word' id='word_1_434' title='bbox 646 4205 724 4266; x_wconf 85' lang='lat' dir='ltr'><strong>enim</strong></span> <span class='ocrx_word' id='word_1_435' title='bbox 739 4215 864 4268; x_wconf 79' lang='lat' dir='ltr'><strong>senator·</strong></span> <span class='ocrx_word' id='word_1_436' title='bbox 880 4216 948 4269; x_wconf 83' lang='lat' dir='ltr'><strong>erat</strong></span> <span class='ocrx_word' id='word_1_437' title='bbox 964 4205 1058 4267; x_wconf 86' lang='lat' dir='ltr'><strong>XXX</strong></span> <span class='ocrx_word' id='word_1_438' title='bbox 1070 4205 1148 4268; x_wconf 78' lang='lat' dir='ltr'><strong>ainis</strong></span> <span class='ocrx_word' id='word_1_439' title='bbox 1164 4203 1396 4268; x_wconf 74' lang='lat' dir='ltr'><strong>dominantibus</strong></span> <span class='ocrx_word' id='word_1_440' title='bbox 1410 4205 1470 4266; x_wconf 86' lang='lat' dir='ltr'><strong>ita-</strong></span> 
     </span>
     <span class='ocr_line' id='line_1_39' title="bbox 71 4305 1471 4393; baseline 0.004 -27"><span class='ocrx_word' id='word_1_441' title='bbox 71 4327 135 4390; x_wconf 77' lang='lat' dir='ltr'><strong>que,</strong></span> <span class='ocrx_word' id='word_1_442' title='bbox 156 4305 184 4367; x_wconf 87' lang='lat' dir='ltr'><strong>si</strong></span> <span class='ocrx_word' id='word_1_443' title='bbox 199 4328 260 4367; x_wconf 90' lang='lat' dir='ltr'><strong>non</strong></span> <span class='ocrx_word' id='word_1_444' title='bbox 275 4307 340 4390; x_wconf 83' lang='lat' dir='ltr'><strong>c&#39;psc</strong></span> <span class='ocrx_word' id='word_1_445' title='bbox 355 4317 512 4393; x_wconf 75' lang='lat' dir='ltr'><strong>exemptus</strong></span> <span class='ocrx_word' id='word_1_446' title='bbox 528 4318 570 4370; x_wconf 89' lang='lat' dir='ltr'><strong>cst</strong></span> <span class='ocrx_word' id='word_1_447' title='bbox 586 4330 606 4369; x_wconf 91' lang='grc' dir='ltr'>α</span> <span class='ocrx_word' id='word_1_448' title='bbox 614 4307 797 4393; x_wconf 80' lang='lat' dir='ltr'><strong>facinorum</strong></span> <span class='ocrx_word' id='word_1_449' title='bbox 818 4309 982 4388; x_wconf 81' lang='lat' dir='ltr'><strong>oblivione,</strong></span> <span class='ocrx_word' id='word_1_450' title='bbox 1003 4319 1039 4372; x_wconf 91' lang='lat' dir='ltr'><strong>ut</strong></span> <span class='ocrx_word' id='word_1_451' title='bbox 1054 4310 1100 4373; x_wconf 90' lang='lat' dir='ltr'><strong>ita</strong></span> <span class='ocrx_word' id='word_1_452' title='bbox 1116 4307 1238 4390; x_wconf 86' lang='lat' dir='ltr'><strong>dicam,</strong></span> <span class='ocrx_word' id='word_1_453' title='bbox 1259 4319 1294 4371; x_wconf 89' lang='lat' dir='ltr'><strong>at</strong></span> <span class='ocrx_word' id='word_1_454' title='bbox 1309 4319 1412 4372; x_wconf 88' lang='lat' dir='ltr'><strong>tomen</strong></span> <span class='ocrx_word' id='word_1_455' title='bbox 1427 4311 1471 4373; x_wconf 89' lang='lat' dir='ltr'><strong>eis</strong></span> 
     </span>
     <span class='ocr_line' id='line_1_40' title="bbox 70 4409 1041 4498; baseline 0.005 -26"><span class='ocrx_word' id='word_1_456' title='bbox 70 4419 137 4473; x_wconf 82' lang='lat' dir='ltr'><strong>crat</strong></span> <span class='ocrx_word' id='word_1_457' title='bbox 152 4409 423 4488; x_wconf 83' lang='lat' dir='ltr'><strong>coniunctissimus,</strong></span> <span class='ocrx_word' id='word_1_458' title='bbox 439 4410 548 4496; x_wconf 82' lang='lat' dir='ltr'><strong>quihus</strong></span> <span class='ocrx_word' id='word_1_459' title='bbox 564 4411 675 4474; x_wconf 84' lang='lat' dir='ltr'><strong>civitas</strong></span> <span class='ocrx_word' id='word_1_460' title='bbox 690 4419 854 4490; x_wconf 82' lang='grc' dir='ltr'>μνησικακεῖ</span> <span class='ocrx_word' id='word_1_461' title='bbox 870 4412 958 4498; x_wconf 80' lang='lat' dir='ltr'><strong>(cf.§</strong></span> <span class='ocrx_word' id='word_1_462' title='bbox 975 4412 1041 4498; x_wconf 88' lang='grc'>90).</span> 
     </span>
    </p>

    <p class='ocr_par' dir='ltr' id='par_1_5' title="bbox 70 4512 1471 4710">
     <span class='ocr_line' id='line_1_41' title="bbox 175 4512 1471 4600; baseline 0.003 -24"><span class='ocrx_word' id='word_1_463' title='bbox 175 4513 226 4577; x_wconf 92' lang='lat' dir='ltr'><strong>III</strong></span> <span class='ocrx_word' id='word_1_464' title='bbox 242 4512 281 4576; x_wconf 74' lang='grc'><strong>21</strong></span> <span class='ocrx_word' id='word_1_465' title='bbox 300 4515 428 4579; x_wconf 87' lang='lat' dir='ltr'><strong>codices</strong></span> <span class='ocrx_word' id='word_1_466' title='bbox 443 4515 600 4580; x_wconf 85' lang='lat' dir='ltr'><strong>exhibent</strong></span> <span class='ocrx_word' id='word_1_467' title='bbox 615 4517 661 4576; x_wconf 79' lang='grc' dir='ltr'><strong>καὶ</strong></span> <span class='ocrx_word' id='word_1_468' title='bbox 676 4519 730 4599; x_wconf 85' lang='grc' dir='ltr'><strong>γὰρ</strong></span> <span class='ocrx_word' id='word_1_469' title='bbox 747 4517 774 4577; x_wconf 85' lang='grc' dir='ltr'><strong>εἴ</strong></span> <span class='ocrx_word' id='word_1_470' title='bbox 786 4540 827 4591; x_wconf 89' lang='grc' dir='ltr'><strong>τις</strong></span> <span class='ocrx_word' id='word_1_471' title='bbox 842 4520 916 4595; x_wconf 81' lang='grc' dir='ltr'>ὑμῶν</span> <span class='ocrx_word' id='word_1_472' title='bbox 930 4520 1128 4597; x_wconf 78' lang='grc' dir='ltr'>ἀχθεσθήσεται</span> <span class='ocrx_word' id='word_1_473' title='bbox 1144 4525 1325 4600; x_wconf 79' lang='grc' dir='ltr'>παραιτοῦμαι</span> <span class='ocrx_word' id='word_1_474' title='bbox 1340 4520 1394 4599; x_wconf 82' lang='grc' dir='ltr'><strong>γὰρ</strong></span> <span class='ocrx_word' id='word_1_475' title='bbox 1407 4521 1471 4580; x_wconf 84' lang='grc' dir='ltr'>όντα</span> 
     </span>
     <span class='ocr_line' id='line_1_42' title="bbox 70 4614 1470 4710; baseline 0.006 -32"><span class='ocrx_word' id='word_1_476' title='bbox 70 4616 159 4691; x_wconf 83' lang='grc' dir='ltr'>λέξω·</span> <span class='ocrx_word' id='word_1_477' title='bbox 176 4618 210 4680; x_wconf 91' lang='lat' dir='ltr'><strong>in</strong></span> <span class='ocrx_word' id='word_1_478' title='bbox 225 4614 359 4702; x_wconf 86' lang='lat' dir='ltr'><strong>vulgata</strong></span> <span class='ocrx_word' id='word_1_479' title='bbox 373 4619 512 4686; x_wconf 89' lang='lat' dir='ltr'><strong>lectione</strong></span> <span class='ocrx_word' id='word_1_480' title='bbox 526 4628 601 4687; x_wconf 88' lang='lat' dir='ltr'><strong>ante</strong></span> <span class='ocrx_word' id='word_1_481' title='bbox 617 4626 670 4704; x_wconf 84' lang='grc' dir='ltr'><strong>γάρ</strong></span> <span class='ocrx_word' id='word_1_482' title='bbox 685 4621 841 4687; x_wconf 85' lang='lat' dir='ltr'><strong>insertum</strong></span> <span class='ocrx_word' id='word_1_483' title='bbox 855 4632 905 4688; x_wconf 89' lang='lat' dir='ltr'><strong>est</strong></span> <span class='ocrx_word' id='word_1_484' title='bbox 916 4626 958 4706; x_wconf 80' lang='lat' dir='ltr'><strong>nt,</strong></span> <span class='ocrx_word' id='word_1_485' title='bbox 977 4622 1063 4708; x_wconf 94' lang='lat' dir='ltr'><strong>quod</strong></span> <span class='ocrx_word' id='word_1_486' title='bbox 1078 4632 1212 4710; x_wconf 91' lang='lat' dir='ltr'><strong>propter</strong></span> <span class='ocrx_word' id='word_1_487' title='bbox 1227 4621 1470 4688; x_wconf 86' lang='lat' dir='ltr'><strong>similitudinem</strong></span> 
     </span>
    </p>
   </div>
   <div class='ocr_carea' id='block_1_3' title="bbox 0 0 1630 5092">
    <p class='ocr_par' dir='ltr' id='par_1_6' title="bbox 0 0 1630 5092">
     <span class='ocr_line' id='line_1_43' title="bbox 0 0 1630 5092; baseline 0 0"><span class='ocrx_word' id='word_1_488' title='bbox 0 0 1630 5092; x_wconf 95' lang='lat' dir='ltr'><strong> </strong></span> 
     </span>
    </p>
   </div>
  </div>
 </body>
</html>
