3225 5092
94 175 113 238 8

96 367 254 450 ‘Vigilans
278 389 316 430 ac
340 365 461 448 sollers,
490 367 584 443 sicca,
615 388 702 448 sana,
726 366 847 430 sobria:
869 366 1012 452 11111000
1032 388 1098 430 non
1120 389 1206 450 sum,
1233 374 1265 430 et
1287 369 1315 430 si
1337 369 1407 448 sim,
1429 389 1494 431 non

95 472 213 534 desunt
234 470 322 554 mihi,
344 470 347 554 l
369 471 433 551 Qui
457 469 540 536 ultro
563 470 653 535 dent:
676 477 766 536 aetas
788 472 915 554 integra
936 480 994 551 est,
1017 471 1142 537 formae
1162 471 1264 552 satis'3
1289 493 1320 557 p.
1337 471 1411 552 433,
1435 471 1492 535 26:

96 575 247 657 ‘Morata,
276 574 438 658 Morigera
467 585 498 638 et
526 575 655 638 Morosa
682 574 767 638 hano
794 573 917 638 habent
944 575 1145 658 distantiam,
1174 574 1261 661 quod
1282 574 1423 661 <morata
1444 584 1494 639 est
1600 624 1601 627 η

97 679 181 744 110110
217 678 389 765 instituta,>
420 680 580 762 morigera
606 677 742 758 <morem
772 701 903 762 gerens,
935 679 1130 764 obsequens,
1161 682 1301 766 morosa>
1328 682 1495 746 contrariis

95 791 127 846 et
138 784 301 868 perversis
313 783 466 847 moribus.
484 782 639 848 Afranius
650 783 806 868 Vopisco:
824 783 924 846 ‘Dum
935 782 1014 870 <1110>
1024 785 1229 869 morigeram,
1242 785 1322 850 dum
1332 807 1492 850 morosam

97 886 247 971 praebeo,
271 887 274 970 l
288 887 419 951 Deinde
434 887 557 973 aliquid
574 886 684 952 dedita
704 909 802 971 opera
819 889 1058 953 controversiae
1076 887 1269 974 lOoncinno,
1289 889 1384 954 laedo
1399 891 1493 954 inter-

97 991 175 1054 dum
200 991 422 1056 contumeliis?
468 991 525 1056 sed
548 992 602 1055 vel
625 991 665 1056 de
688 991 760 1074 hoo,
784 1013 881 1077 quem
903 993 1116 1058 novissimum
1136 995 1244 1077 posui,
1271 993 1343 1059 1000
1370 994 1494 1059 dubita·

96 1097 216 1159 tionem
239 1103 347 1159 movet
369 1096 419 1181 id,
449 1096 534 1181 quod
558 1097 706 1181 sequenti
729 1095 878 1180 exemplo
901 1118 919 1159 e
943 1095 997 1161 ‘M.
1018 1095 1116 1160 Tullii
1144 1097 1185 1160 de
1213 1099 1388 1162 senectute’
1412 1098 1495 1164 libro

95 1208 221 1285 sumpto
238 1209 325 1264 certe
341 1200 490 1284 Nigidius
510 1203 555 1265 uti
575 1223 640 1265 non
660 1203 772 1286 potuit.
804 1209 917 1265 contra
933 1199 1132 1286 probabilior
1146 1201 1283 1266 fortasse
1300 1203 1493 1286 coniectura,

95 1325 159 1390 qua
179 1304 232 1368 hic
252 1304 342 1369 locus
362 1305 404 1368 ad
425 1305 594 1389 Nigidium
613 1307 762 1388 refertur,
783 1308 814 1369 ei
833 1304 997 1369 videbitur
1017 1327 1097 1388 esse,
1121 1309 1175 1390 qui
1195 1307 1385 1392 respexerit,
1408 1308 1495 1370 hunc

97 1430 225 1494 quoque
255 1408 371 1492 locum,
408 1418 444 1473 ut
473 1412 613 1495 primum
644 1432 770 1494 eorum,
801 1431 882 1494 quos
911 1409 1007 1473 modo
1037 1409 1143 1492 attuli,
1174 1409 1217 1474 ad
1243 1410 1495 1475 Afranianorum

96 1513 321 1598 exemplorum
344 1514 474 1578 ordines
497 1515 670 1600 pertinere,
695 1515 735 1578 de
758 1515 877 1600 quibus
900 1514 940 1578 cf.
957 1514 1049 1578 Paul.
1074 1513 1289 1579 Schmidtium
1313 1515 1375 1580 ‘De
1397 1515 1494 1580 Nonii

96 1617 242 1682 Marcelli
264 1618 450 1683 auctoribus
472 1621 703 1704 grammaticis'
727 1643 759 1705 p.
781 1619 823 1684 95
847 1642 893 1705 sq.

202 1737 268 1804 Sed
290 1750 326 1804 ut
349 1743 414 1806 iam
437 1763 484 1824 eo,
508 1743 594 1806 unde
618 1743 748 1819 deflexi,
771 1752 927 1823 revertar,
950 1743 984 1805 in
1006 1741 1089 1806 libro
1108 1741 1185 1804 XX.
1202 1741 1353 1825 Nigidius
1375 1743 1417 1806 de
1439 1742 1494 1807 ad-

98 1843 220 1908 verbiis
240 1845 272 1907 in
290 1845 353 1910 ‘im'
372 1847 566 1911 exeuntibus
590 1850 665 1932 egit.
705 1849 796 1911 ouius
818 1848 920 1912 verba
939 1846 1027 1933 apud
1047 1846 1187 1911 Nonium
1206 1869 1238 1932 p.
1257 1847 1328 1929 104,
1349 1847 1392 1910 30
1411 1845 1493 1910 haec

96 1947 261 2032 leguntur:
290 1952 392 2015 ‘ouius
418 1951 505 2016 modi
527 1974 629 2036 genus
657 1952 895 2033 adverbiorum,
924 1974 944 2016 a
965 1950 1074 2016 verbis
1096 1959 1202 2015 motus
1225 1951 1312 2035 quod
1335 1953 1437 2034 venit,
1460 1960 1495 2016 ut

97 2051 269 2139 expulsim,
291 2055 429 2119 cursim!
468 2055 564 2120 huius
585 2057 819 2142 disputationis,
840 2079 903 2142 qua
924 2055 965 2120 de
985 2055 1149 2120 adverbiis
1170 2056 1203 2119 in
1219 2055 1283 2119 ‘im'
1301 2055 1493 2121 cadentibus

70 2221 74 2231 ,
97 2159 173 2240 egit,
194 2159 346 2244 reliquias
366 2159 530 2245 dispersas
545 2162 633 2248 apud
648 2162 789 2227 Nonium
805 2160 1058 2246 deprehendisse
1073 2159 1153 2225 1111111
1168 2160 1290 2224 videor.
1330 2160 1392 2225 loci
1407 2163 1493 2225 enim

96 2262 252 2344 Noniani,
279 2264 336 2328 ubi
363 2263 457 2330 huius
484 2266 571 2331 modi
598 2266 735 2330 frustula
757 2266 933 2350 Nigidiano
955 2274 1098 2343 exstant,
1127 2276 1160 2330 et
1180 2263 1249 2347 ille,
1276 2287 1373 2350 quem
1399 2265 1495 2330 modo

99 2371 359 2452 commemoravi,
381 2378 413 2434 et
428 2369 491 2453 hio,
514 2372 569 2455 qui
587 2369 706 2454 legitur
721 2393 752 2455 p.
769 2369 823 2452 40,
843 2370 884 2433 21
902 2390 986 2454 sqq:
1008 2368 1177 2451 ‘Canatim
1201 2371 1329 2453 suatim,
1349 2367 1495 2434 bovatim

99 2493 216 2536 canum
233 2482 265 2536 et
280 2495 374 2537 suum
395 2484 426 2538 et
442 2474 540 2540 boum
556 2496 684 2559 genere.
722 2474 875 2558 Nigidius
896 2475 1131 2538 commentariis
1151 2475 1384 2558 grammaticis:
1410 2478 1496 2538 ‘sunt

99 2577 196 2642 etiam
219 2575 449 2642 adsimulanter
472 2578 559 2644 dieta
581 2580 676 2643 haec:
701 2581 852 2664 oanatim,
876 2579 1002 2661 suatim,
1026 2577 1180 2663 bovatim,
1204 2600 1287 2664 quae
1309 2577 1352 2644 ab
1375 2581 1495 2642 anima-

98 2680 184 2746 libus
201 2682 392 2764 sumuntur,’
412 2681 445 2746 bi
466 2683 530 2749 duo
550 2683 612 2748 loci
632 2685 671 2747 iis
691 2683 920 2749 adverbiorum
940 2682 1106 2748 ordinibus
1123 2684 1334 2768 continentur,
1356 2704 1436 2768 quos
1456 2705 1498 2747 ex

102 2783 264 2870 capitibus
292 2788 404 2871 primis
432 2786 560 2853 duobus
586 2788 743 2854 Nonianis
770 2788 980 2873 depromptos
1009 2788 1046 2851 P.
1071 2785 1269 2852 Schmidtius
1300 2789 1333 2850 in
1366 2790 1498 2871 egregia

100 2889 324 2954 dissertatione
348 2912 373 2954 s.
395 2914 422 2956 c.
444 2914 475 2977 p.
499 2891 561 2956 115
584 2913 652 2977 sqq.
670 2892 731 2956 sub
758 2915 822 2956 uno
850 2902 1027 2978 conspectu
1053 2892 1221 2978 proposuit
1247 2900 1280 2954 et
1303 2915 1321 2954 e
1344 2891 1498 2976 glossario

17 3005 20 3011 '
101 2993 252 3079 quodam,
274 2995 361 3080 quod
382 2998 414 3060 in
429 2996 603 3062 undecimo
619 3018 747 3083 quoque
763 2998 870 3082 capite
886 2997 1009 3062 Nonius
1029 2999 1062 3060 in
1076 3019 1170 3061 usum
1186 2998 1330 3078 vocavit,
1352 3018 1498 3061 manasse

101 3107 188 3162 recte
213 3101 331 3164 statuit.
377 3102 410 3164 in
436 3102 475 3164 iis
502 3108 609 3166 autem
636 3100 866 3166 adverbiorum
889 3100 1068 3178 ordinibus,
1100 3102 1155 3187 qui
1182 3103 1215 3165 in
1238 3100 1365 3165 duobus
1386 3102 1499 3185 primis

102 3201 262 3287 capitibus
275 3203 436 3288 leguntur,
453 3205 537 3268 inter
549 3204 787 3270 XXXXVIHI
799 3206 957 3270 adverbia
969 3227 1034 3270 non
1049 3207 1154 3269 minus
1166 3204 1304 3270 XXIIII
1316 3214 1399 3287 sunt,
1416 3225 1500 3289 quae

102 3309 135 3371 in
159 3307 222 3371 ‘im'
247 3317 382 3390 exeunt,
412 3329 547 3395 quorum
570 3309 735 3396 exempla,
764 3332 847 3395 quac
869 3309 1075 3392 adferuntur,
1099 3319 1228 3396 praeter
1250 3331 1351 3373 unum
1374 3308 1500 3394 (‘Indis-

103 3412 307 3476 criminatim'
324 3436 356 3499 p.
371 3412 446 3500 127)
464 3414 629 3479 eVarron.
644 3415 685 3479 de
699 3414 720 3478 l.
733 3414 771 3478 L.
785 3414 913 3479 XVIII.
930 3413 1090 3500 prolatum
1106 3415 1214 3478 omnia
1229 3435 1271 3478 ex
1291 3413 1501 3498 scriptoribus

103 3515 234 3599 Nigidio
258 3527 363 3582 aetate
387 3519 605 3602 superioribus
634 3529 763 3605 sumpta
790 3520 903 3604 sunt.¹)
948 3519 1089 3601 accedit,
1117 3519 1204 3604 quod
1230 3521 1315 3582 inter
1342 3517 1500 3582 adverbia

102 3619 157 3683 illa
179 3620 211 3684 V
234 3630 308 3685 sunt
334 3646 354 3686 a
378 3623 496 3688 ‘verbis
524 3625 639 3689 motus'
663 3626 683 3689 i.
701 3648 728 3690 e.
745 3634 867 3688 motum
891 3623 1161 3708 significantibus,
1189 3645 1267 3704 non,
1295 3632 1331 3686 ut
1352 3621 1500 3686 Meroero

102 3725 208 3788 visum
231 3735 293 3802 est,
322 3729 512 3810 transitivis,
541 3728 702 3793 derivata:
727 3728 906 3814 ‘expulsim'
930 3751 961 3814 p.
981 3729 1052 3808 104,
1077 3727 1275 3792 ‘fluctuatim'
1298 3749 1330 3811 p.
1349 3727 1420 3808 111,
1445 3728 1500 3790 ‘in-

14 3905 15 3910 '
105 3829 235 3892 cursim'
258 3853 290 3914 p.
310 3830 382 3908 127,
408 3833 623 3918 ‘properatim'
648 3855 679 3918 p.
699 3832 770 3918 155,
795 3833 942 3897 ‘tractim'
966 3855 998 3918 p.
1017 3831 1088 3896 178.
1134 3841 1302 3918 practerea
1328 3831 1362 3895 id
1384 3853 1501 3896 memo·
1600 3862 1601 3867 ¹

14 4017 15 4020 Ἴ
103 3942 176 3998 ratu
193 3933 326 4018 dignum
343 3945 400 4018 est,
422 3936 508 4021 quod
525 3935 722 4001 Schmidtius
737 3936 757 4001 l.
772 3960 798 4002 c.
812 3960 843 4023 p.
859 3936 920 4000 118
937 3937 1137 4001 observavit:
1156 3939 1191 4000 in
1206 3937 1256 4000 his
1271 3934 1500 4000 adverbiorum

105 4038 270 4103 ordinibus
291 4039 442 4125 exempla
460 4040 598 4126 proferri
618 4063 660 4104 ex
680 4043 819 4127 scriptis,
841 4062 977 4127 quorum
997 4041 1085 4126 apud
1104 4041 1245 4105 Nonium
1265 4049 1321 4105 aut
1340 4061 1501 4124 nusquam

106 4143 184 4208 alibi
208 4153 264 4208 aut
286 4153 411 4208 tantum
434 4147 468 4208 in
492 4167 561 4230 cap.
578 4144 638 4208 XI.
656 4145 708 4209 ‘de
732 4146 915 4210 indiscretis
937 4144 1112 4210 adverbiis'
1136 4147 1255 4209 mentio
1277 4143 1328 4221 fit,
1357 4142 1391 4206 id
1415 4143 1501 4228 quod

106 4247 184 4310 mihi
207 4248 328 4313 indicio
352 4271 421 4314 0000
444 4249 582 4330 videtur,
606 4250 702 4314 Nonii
725 4253 757 4314 in
780 4248 830 4313 his
852 4249 1000 4334 partibus
1023 4259 1187 4314 auctorem
1206 4271 1270 4312 non
1290 4248 1393 4312 solum
1415 4270 1435 4311 a
1454 4269 1502 4310 re·

106 4353 199 4436 liquis
222 4353 321 4416 fuisse
345 4352 520 4436 diversum,
545 4355 602 4418 sed
625 4356 722 4418 etiam
745 4353 888 4420 fontibus
912 4355 1004 4420 bonis
1027 4364 1125 4440 atque
1146 4355 1286 4438 antiquis
1305 4375 1400 4443 usum
1419 4374 1500 4434 esse,

212 4562 232 4629 1)
253 4563 292 4614 Of.
305 4564 375 4614 infra
392 4581 417 4628 p.
434 4567 464 4615 15
484 4570 511 4615 et
528 4564 592 4615 ibid.
605 4565 666 4616 adn.
681 4568 704 4616 1.
743 4619 746 4624 ,
