3225 5092
78 229 140 292 172

76 423 241 482 enuntiata
257 443 359 506 eaque
375 421 488 485 brevia
504 445 523 486 a
538 421 697 507 particula
711 428 765 504 γάρ
777 424 947 508 incipiunt,
964 421 1140 508 similisque
1156 422 1222 487 VII
1233 423 1276 487 34
1288 446 1347 509 sq,
1360 425 1469 510 quales

74 525 135 588 loci
152 527 221 610 ipsa
237 527 401 608 paucitate
418 536 624 590 excusantur.

181 629 246 693 Sed
267 631 412 695 eiusdem
432 633 547 696 aetatis
569 634 757 718 scriptores,
780 634 835 718 qui
855 634 984 698 nonita
1005 635 1155 698 orationis
1171 631 1350 717 elegantiae
1366 633 1471 698 stude·

75 733 165 816 bant,
182 735 312 798 minime
329 757 461 820 operam
477 735 613 819 dabant,
629 759 671 800 ne
686 742 740 820 γάρ
755 739 851 801 nimis
868 759 965 823 saepe
980 740 1084 822 posito
1100 760 1194 803 aures
1209 737 1410 803 audientium
1426 738 1469 803 of·

75 838 254 902 sauderent.
286 839 385 904 talem
400 840 546 925 profecto
561 841 682 923 locum,
699 841 828 926 qualem
847 841 985 926 legimus
1001 842 1089 926 apud
1105 842 1273 906 Platonem
1287 840 1383 928 Apol.
1399 842 1469 906 39θ

75 966 131 1027 sq,
150 967 212 1027 quo
225 947 256 1006 in
270 946 411 1030 quinque
424 947 582 1010 continuis
595 947 768 1011 enuntiatis
784 947 895 1031 parvis
909 951 963 1028 γάρ
976 949 1147 1032 quinquies
1162 955 1278 1029 exstat,
1293 969 1469 1033 numquam
1487 937 1491 942 ⁸

75 1049 251 1112 Isocratem
274 1051 407 1136 eiusque
427 1059 602 1116 sectatores
623 1052 765 1116 seribere
787 1073 883 1115 ausos
903 1073 975 1114 esse
994 1074 1053 1136 pro
1070 1060 1156 1115 certo
1175 1050 1339 1116 adfirmari
1355 1060 1469 1137 potest.

741 1312 799 1378 VI.

176 1470 262 1532 Huie
274 1469 344 1533 loco
357 1478 503 1534 extremo
515 1471 680 1534 reservavi
697 1469 954 1556 disquisitionem
970 1469 1010 1533 de
1026 1468 1131 1546 sede,
1150 1490 1245 1553 quam
1257 1473 1311 1551 γάρ
1323 1469 1469 1535 obtinere

73 1574 160 1636 solet⁴
187 1597 249 1657 qua
265 1577 296 1636 in
313 1595 348 1638 re
364 1596 560 1660 peromnem
576 1573 664 1640 illam
676 1583 826 1658 aetatem,
843 1596 941 1659 quam
953 1573 1205 1638 examinandam
1215 1573 1295 1637 mihi
1307 1577 1467 1660 proposui,

73 1677 150 1740 nihiI
169 1677 235 1740 fere
253 1681 457 1743 immutatum
474 1687 531 1743 est.
558 1702 634 1742 nam
647 1701 776 1764 semper
787 1681 951 1765 propriam
966 1678 1061 1742 huius
1073 1678 1252 1764 particulae
1268 1679 1380 1742 sedem
1392 1679 1467 1744 alte·

72 1805 143 1845 rum
161 1783 257 1846 fuisse
273 1785 379 1847 locum
393 1785 549 1848 enuntiati
562 1784 638 1847 satis
652 1793 791 1864 constat,
808 1806 870 1847 nee
881 1785 987 1848 minus
1000 1782 1204 1868 exploratum
1216 1793 1264 1846 est
1275 1785 1468 1869 particulam

71 1892 135 1968 γάρ,
157 1889 182 1948 si
204 1911 277 1950 eum
298 1893 348 1964 μέν
369 1888 422 1952 vel
442 1891 472 1950 τὲ
488 1898 673 1970 concurrat,
694 1891 740 1952 eis
761 1911 818 1952 suo
834 1889 905 1953 loco
922 1887 1048 1952 cedere.
1077 1887 1135 1951 sed
1152 1886 1282 1972 quando
1297 1898 1468 1973 praeterea

71 1991 124 2072 γάρ
146 1994 238 2054 tertio
259 1992 328 2055 loco
348 1995 488 2077 positum
507 1993 556 2078 sit,
577 2003 613 2056 ut
628 1992 746 2074 dicam,
768 1992 847 2056 mihi
863 1993 1064 2077 relinquitur,
1085 1993 1161 2077 quia
1175 1992 1360 2079 nemodum,
1380 1994 1467 2080 quod

74 2097 204 2179 quidem
222 2119 280 2179 ego
297 2097 403 2180 video,
417 2097 457 2161 de
473 2098 585 2162 haere
601 2105 753 2162 accurate
770 2099 929 2183 exposuit.

176 2201 226 2264 Ae
243 2204 383 2286 prImum
399 2211 431 2266 et
446 2202 488 2266 ad
504 2201 768 2288 perspiciendum
786 2201 1014 2267 difficillimum
1029 2209 1078 2266 est
1092 2203 1299 2287 investigare,
1320 2204 1376 2288 qui
1390 2226 1467 2268 usus

72 2307 264 2388 scriptorum
276 2307 381 2389 fuerit,
399 2307 425 2370 si
437 2309 578 2393 primum
589 2306 697 2371 locum
710 2309 866 2370 enuntiati
877 2308 1074 2392 praepositio
1085 2305 1238 2371 habebat.
1263 2328 1323 2391 ego
1336 2307 1467 2393 quidem

72 2410 219 2472 omnibus
236 2412 313 2474 locis
326 2409 468 2494 Gorgiae
480 2411 688 2497 Antiphontis
700 2410 904 2496 Thucydidis
916 2410 1096 2475 Andocidis
1111 2410 1212 2475 libelli
1227 2411 1268 2475 de
1283 2432 1318 2474 re
1334 2411 1468 2497 publica

71 2515 317 2578 Atheniensium
333 2513 456 2579 collatis
472 2524 504 2580 θῖ
519 2497 681 2604 plerisque
693 2513 853 2579 Herodoti
865 2515 987 2600 Lysiae
1002 2515 1198 2600 reliquorum
1213 2517 1371 2601 respectis
1386 2516 1468 2581 haec

72 2619 259 2682 obser-mvi:
277 2621 302 2682 si
315 2610 461 2704 verbum,
479 2619 566 2706 quod
579 2620 619 2684 de
632 2621 869 2707 praepositione
881 2619 1013 2705 pendet,
1027 2642 1102 2684 eum
1113 2618 1248 2684 articulo
1260 2622 1467 2686 coniunctum

73 2734 128 2804 est,
146 2723 305 2807 particula
320 2730 373 2807 γάρ
390 2733 574 2789 constanter
595 2725 731 2789 alterum
752 2727 910 2790 enuntiati
924 2724 1032 2789 locum
1047 2733 1145 2809 tenet,
1165 2726 1229 2788 nisi
1248 2724 1332 2789 forte
1349 2730 1399 2803 μέν
1415 2725 1468 2790 vel

71 2833 100 2889 τὲ
118 2831 388 2914 praepositionem
409 2831 559 2894 continuo
579 2831 731 2914 sequitur.
764 2852 847 2915 quae
867 2830 930 2894 hae
951 2829 1181 2894 consuetudine
1202 2828 1340 2914 adparet
1356 2829 1468 2894 cohae-

71 2937 175 2996 rentia
196 2933 322 2997 articuli
341 2935 557 3019 nominisque,
578 2942 668 2998 tanta
690 2943 750 3012 est,
772 2943 809 2998 ut
824 2935 938 3020 paucis
952 2934 1045 3017 locis,
1063 2936 1118 3021 qui
1134 2956 1206 2999 eam
1220 2933 1326 3018 legem
1342 2957 1406 2998 non
1421 2957 1467 2998 se·

72 3049 196 3118 cuntur,
218 3044 269 3118 γάρ
292 3037 422 3102 demum
442 3047 514 3123 post
533 3060 651 3103 nomen
668 3039 860 3104 collocatum
876 3040 930 3116 sit,
947 3059 1124 3124 numquam
1139 3048 1212 3123 post
1227 3037 1407 3118 articulum,
1425 3040 1465 3102 ef.

71 3142 149 3205 Iler.
163 3144 178 3204 I
198 3144 257 3204 101
275 3145 325 3203 aad
336 3147 381 3204 τὸν
396 3147 518 3220 ποταμὸν
532 3148 585 3226 γάρ
601 3144 860 3228 stromaafwc's'rts,
877 3144 977 3208 VIIII
988 3143 1031 3208 49
1043 3147 1095 3206 aab
1110 3151 1156 3206 τοῦ
1171 3151 1293 3221 ποταμοῦ
1307 3148 1373 3229 γάρ,
1389 3143 1465 3208 Ant.

71 3247 142 3308 lllb
160 3247 179 3308 2
197 3251 227 3306 ἐν.
243 3256 295 3307 τῶν
311 3250 472 3328 λεγομένων
487 3253 551 3330 γάρ,
567 3247 647 3333 Lys.
661 3249 780 3313 XXIII
797 3249 847 3312 13.

177 3353 230 3414 sin
248 3375 264 3412 e
281 3354 517 3437 praepositione
533 3374 651 3417 nomen
662 3353 786 3418 nudum
798 3363 848 3417 est
859 3363 982 3439 aptum,
994 3355 1098 3437 magis
1110 3354 1143 3416 in
1154 3352 1288 3417 libidine
1301 3355 1466 3439 scriptoris

69 3457 209 3540 positum
231 3466 291 3538 est,
314 3465 422 3520 utrum
441 3458 502 3521 hoc
519 3457 655 3522 verbum
670 3481 713 3522 an
728 3464 782 3540 γάρ
798 3459 980 3523 antecedat.
1013 3458 1070 3522 sed
1091 3480 1163 3522 eam
1180 3467 1267 3523 certe
1288 3461 1381 3544 quasi
1396 3481 1467 3523 nor·

70 3583 155 3623 mam
177 3560 238 3622 sibi
259 3562 462 3646 proposuisse
483 3562 636 3626 videntur
656 3565 839 3648 scriptores,
860 3572 904 3648 ut,
922 3563 1052 3647 siquod
1072 3584 1251 3649 pronomen
1271 3563 1312 3627 de
1332 3587 1466 3650 praepo-

71 3667 181 3726 sitione
199 3665 365 3748 penderet,
382 3670 435 3748 γάρ
451 3674 691 3751 postponerent,
707 3666 809 3732 veluti
825 3666 928 3731 Thue.
945 3667 996 3731 ΙΠ
1010 3666 1062 3749 39,
1079 3665 1115 3746 33
1135 3666 1187 3744 57,
1204 3667 1238 3748 33
1262 3667 1334 3750 101,
1354 3669 1381 3750 1,
1397 3668 1466 3733 ΠΠ

70 3770 99 3847 3,
118 3769 150 3849 23
176 3769 226 3848 aa,
245 3771 273 3849 3,
291 3768 471 3852 1111614,
492 3771 575 3835 VIII
590 3771 642 3849 98,
663 3770 694 3853 3,
711 3770 811 3855 Gorg.
828 3771 896 3836 Pal.
915 3771 965 3835 36.
996 3770 1082 3856 quod
1103 3770 1234 3856 quidem
1253 3794 1318 3836 non
1338 3795 1466 3858 semper

71 3872 275 3936 observatum
287 3883 344 3956 est,
362 3875 402 3938 cf.
413 3875 491 3939 Her.
504 3875 627 3940 111102
642 3879 712 3938 κατὰ
726 3879 780 3958 γὰρ
796 3883 883 3958 τοῦτο,
905 3884 1016 3941 eontra
1031 3875 1099 3938 ΠΗ
1115 3874 1156 3938 86
1172 3875 1259 3939 nullo
1275 3899 1386 3940 sensus
1403 3878 1465 3941 dis-

71 3981 202 4040 crimine
223 3979 339 4061 legitur
358 3982 430 4041 κατὰ
448 3987 524 4042 τοῦτο
545 3985 613 4063 γάρ,
640 3980 743 4046 Thuc.
761 3980 864 4057 1135,
885 3980 906 4044 2
926 3986 1009 4064 μέχρι
1028 3984 1082 4064 γὰρ
1096 3982 1185 4062 τοῦδε,
1206 3981 1275 4045 ΠΠ
1290 3981 1343 4064 50,
1359 3982 1380 4045 3
1394 3984 1464 4044 κατὰ

69 4086 121 4164 γὰρ
145 4090 235 4143 aare»
256 4088 300 4144 sta
323 4087 422 4165 χρόνον
429 4136 438 4169 ,
453 4083 537 4148 VIII
557 4085 608 4168 63,
630 4085 650 4148 3
670 4089 719 4147 ὑπὸ
736 4087 789 4168 γὰρ
808 4093 900 4148 τοῦτον
919 4090 965 4147 τὸν
984 4091 1098 4168 yponae,
1119 4107 1199 4170 quos
1219 4085 1299 4150 duos
1319 4084 1407 4150 locos
1423 4087 1465 4150 ad

69 4187 253 4272 exemplum
270 4211 389 4271 eorum,
406 4188 523 4274 quibus
541 4193 690 4256 continuo
708 4201 779 4276 post
794 4197 848 4275 γάρ
864 4190 1019 4256 articulus
1035 4193 1157 4277 positus
1174 4200 1231 4276 est,
1249 4192 1464 4257 conformatos

69 4313 138 4354 esse
155 4303 252 4374 patet,
279 4303 390 4358 eontra
406 4294 447 4358 ef.
464 4294 547 4358 VIII
562 4294 614 4374 90,
630 4295 652 4358 4
669 4298 711 4357 ἐπ’
730 4300 808 4358 αὺτὸν
828 4299 881 4379 γὰρ
901 4300 946 4358 τὸν
961 4347 967 4360 .
983 4346 988 4359 .
1004 4319 1026 4377 ‚3
1050 4295 1219 4381 Antiphon
1234 4297 1267 4360 in
1287 4296 1464 4381 tetralogiis

69 4397 127 4457 Ha
147 4399 185 4457 10
204 4401 235 4458 ἐν,
250 4403 303 4481 γὰρ
318 4403 428 4482 τούτων,
445 4399 491 4482 γ8
507 4400 569 4483 περὶ
583 4403 637 4483 γὰρ
654 4401 737 4480 abste
751 4410 800 4480 τῆς
818 4403 1000 4491 εὔδαιμονίθις,
1015 4401 1110 4480 ΠΠγ
1125 4401 1191 4463 aaa
1201 4404 1254 4484 γὰρ
1271 4399 1318 4484 ὧν,
1335 4412 1465 4487 praeter

69 4523 147 4584 quos
164 4502 250 4564 locos
267 4503 330 4566 duo
341 4512 466 4568 tantum
482 4504 546 4567 hue
558 4507 756 4590 pertinentes
772 4508 805 4570 in
821 4506 997 4591 tetralogiis
1013 4514 1144 4570 exstant
1159 4505 1218 4584 Πβ
1233 4505 1254 4569 2
1267 4507 1305 4580 εἰς
1319 4513 1396 4569 τοῦτο
1411 4511 1464 4588 γὰρ

70 4607 282 4688 βαρυδαιμονίας
299 4616 330 4670 θῖ
345 4606 423 4688 ΙΠγ
438 4606 459 4671 5
476 4609 515 4682 εἰς
530 4616 606 4671 τοῦτο
622 4612 675 4693 γὰρ
690 4613 797 4690 τόλμης
818 4611 865 4673 καὶ
885 4613 1038 4694 ἀναιδείας,
1062 4610 1140 4696 Lys.
1158 4609 1261 4675 XXII
1279 4611 1320 4676 10
1334 4612 1396 4696 περὶ
1410 4614 1464 4695 γὰρ
