3225 5092
62 192 189 257 .-80

1458 122 1491 173 s.

1440 191 1452 213 ,

147 403 210 445 uno
230 382 301 446 loco
320 383 489 466 participio
514 381 558 444 ad
565 402 721 464 gressus
743 379 885 445 Iustinus
904 383 971 445 vim
990 383 1154 466 passivam
1177 383 1307 464 indidit,
1331 385 1404 450 dico
1426 385 1455 467 1,
1472 386 1541 466 6,5

148 485 222 550 ‘alia
241 485 368 550 redimit
387 483 548 550 facillimis
570 484 751 570 quibusque
772 484 954 567 adgressis,
991 485 1177 571 adloquor
1199 487 1249 571 11,
1265 487 1296 569 9,
1312 488 1347 569 3,
1370 487 1419 572 12,
1439 488 1488 573 12,
1507 489 1540 569 1,

150 589 199 671 14,
212 589 244 672 2,
257 588 290 669 8,
310 589 358 667 14,
372 590 402 674 3,
417 589 471 670 12,
487 588 582 672 42,4,
598 587 647 651 12.
679 589 846 653 ascendo
866 588 917 667 38,
931 588 960 671 8,
972 589 1003 654 4.
1034 590 1222 655 antecede
1239 591 1290 672 34,
1303 592 1333 673 3,
1348 592 1382 672 1,
1399 593 1450 677 33,
1466 594 1493 677 1,
1511 593 1540 655 1.

31 689 32 770 l
148 701 282 757 anteeo
302 695 329 775 1,
339 693 367 770 2,
379 694 412 772 6,
431 681 458 772 1,
469 694 498 775 3,
507 693 537 756 2.
561 694 594 756 16
610 693 784 757 verborum
800 715 875 757 cum
886 695 1123 778 praepositione
1136 695 1279 758 ‘circum'
1293 698 1541 780 compositorum

31 801 32 830 ‘
146 820 208 861 usu
223 797 365 861 Iustinus
389 819 463 860 cum
486 797 612 881 optimis
632 797 843 881 scriptoribus
863 799 1034 881 consentit,
1058 800 1084 861 si
1107 801 1275 884 exceperis
1296 800 1539 865 ‘circumvehor'

31 917 33 948 ³
147 910 180 964 61
196 900 422 984 ‘circumvolo',
438 901 538 964 veluti
552 903 584 964 in
600 900 724 965 verbis:
743 902 933 965 circumeo
951 902 1000 981 11,
1013 901 1044 984 9,
1057 901 1091 979 8,
1110 903 1159 986 11,
1174 903 1227 981 13,·
1237 903 1266 967 6.
1298 905 1541 968 circumsisto

31 1011 32 1088 f
145 1004 197 1087 23,
214 1005 245 1088 2,
263 1005 292 1069 2.
323 1005 417 1070 verbi
441 1007 699 1069 circumvenio
723 1004 922 1089 frequentior
945 1014 992 1069 est
1015 1015 1178 1071 structura
1196 1009 1341 1091 passiva:
1366 1007 1464 1091 2,11,
1486 1009 1540 1088 12,

31 1137 32 1140 “
145 1107 241 1193 2,12
257 1107 640 1194 181011,,1,1,,,626
662 1109 756 1195 22,1,
772 1109 827 1191 0
849 1109 1362 1195 261,10,21,1,1,32,3,2,
1387 1111 1540 1194 32,4,1,

31 1197 33 1282 1,
148 1213 199 1295 38,
212 1213 242 1295 9,
255 1213 285 1277 2.
309 1215 435 1278 activae
448 1221 628 1278 structurae
640 1213 859 1278 baectantum
871 1216 1079 1279 inveniuntur
1091 1215 1257 1302 exempla:
1275 1217 1303 1298 1,
1313 1215 1342 1300 8,
1352 1216 1386 1298 9,
1403 1215 1454 1302 21,
1463 1217 1494 1298 3,
1506 1216 1540 1295 1,

145 1317 197 1401 26,
206 1316 236 1395 2,
246 1317 276 1380 b.
301 1318 580 1398 circumvehor,
598 1317 684 1403 quod
699 1318 835 1402 legimus
853 1318 903 1400 11,
913 1318 973 1400 9,3
986 1321 1233 1385 ‘circumvectus
1249 1321 1343 1405 suos',
1359 1321 1448 1406 apud
1464 1319 1541 1384 Cor-

145 1419 265 1484 nelium
280 1421 441 1506 Nepotem
462 1429 494 1484 et
509 1421 656 1486 Curtium
675 1431 708 1485 et
727 1424 869 1487 maxime
883 1424 917 1486 in
932 1422 1018 1486 Livii
1038 1423 1128 1487 libris
1148 1426 1319 1509 invenitur,
1340 1448 1360 1488 a
1375 1423 1541 1489 Ciceronis

144 1534 254 1589 tamen
277 1523 417 1589 dictione
433 1526 561 1589 omnino
580 1524 682 1589 abest.
713 1525 850 1591 alterum
872 1526 1009 1590 verbum
1033 1527 1266 1592 circumvolo
1292 1528 1341 1609 11,
1363 1528 1429 1608 1,5
1451 1532 1541 1593 ‘aves

145 1651 237 1693 eum.
254 1681 259 1692 .
276 1679 281 1691 .
297 1679 302 1692 .
317 1627 547 1694 circumvolare
564 1633 758 1714 coeperunt,
783 1629 835 1710 20,
848 1630 910 1712 3,1
929 1633 1057 1715 ‘eosque
1072 1632 1198 1696 tamdiu
1214 1633 1478 1715 circumvolavit,
1496 1635 1540 1697 ad

144 1741 311 1818 poetarum
341 1735 455 1797 aetatis
479 1733 667 1817 Augusteae
695 1755 889 1815 sermonem,
921 1735 1057 1818 Vergilii
1079 1735 1207 1800 Horatii
1230 1735 1341 1800 Ovidii
1368 1747 1399 1800 et
1426 1758 1540 1801 eorum

145 1837 265 1902 solutae
286 1839 435 1902 orationis
455 1839 648 1922 scriptorum
666 1838 873 1903 referendum
892 1847 950 1920 est,
975 1841 1029 1924 qui
1049 1848 1123 1925 post
1143 1840 1329 1925 Augustum
1349 1840 1539 1925 floruerunt,

146 1942 234 2005 velut
250 1941 333 2005 Vell.
346 1941 376 2018 2,
394 1941 445 2024 21,
462 1942 493 2023 2,
512 1935 694 2024 Ι06161112,
712 1942 741 2024 6,
760 1941 789 2023 1,
805 1942 890 2006 Flor.
909 1942 938 2024 2,
959 1944 1008 2024 11,
1026 1943 1055 2007 1.
1090 1944 1191 2008 verbo
1213 1945 1428 2010 conscendo
1449 1945 1540 2030 apud

144 2045 475 2132 Iustinumfrequent
467 2046 575 2109 issime
592 2044 755 2111 obiectum
771 2048 899 2110 ‘navem
902 2048 1074 2112 ’subiunct
1061 2057 1129 2113 tum
1145 2058 1207 2114 est:
1181 2049 1349 2133 1,28,1
1370 2048 1539 2131 2,12,16,

144 2149 332 2233 3,,,11512
348 2150 427 2232 110,
436 2149 602 2234 ,18,1,4,
618 2149 761 2234 23,,,22
778 2150 976 2232 31253
979 2153 1071 2234 ,4,·3
1065 2152 1540 2238 34,,38,Ρ1661616616ς1161

145 2255 268 2338 pyram
282 2253 508 2318 conscendere
524 2253 573 2335 18,
586 2254 616 2335 6,
631 2254 648 2316 1
652 2255 815 2339 ,‘equum'
829 2255 880 2340 31,
893 2255 923 2337 2,
940 2256 969 2320 3.
998 2259 1185 2321 convenio
1201 2257 1252 2339 31,
1265 2256 1296 2340 4,
1310 2256 1345 2320 5·
1339 2255 1379 2342 ,1)
1396 2257 1448 2339 43,
1462 2257 1492 2339 3
1506 2257 1537 2322 8

31 2413 33 2416 .
144 2357 184 2421 de
209 2360 323 2422 ceteris
346 2359 440 2422 huius
463 2358 555 2423 verbi
580 2361 747 2423 structuris
773 2359 857 2424 infra
883 2359 1059 2423 dicendum
1086 2361 1154 2424 erit.
1197 2307 1349 2425 declino
1378 2360 1428 2446 12,
1449 2360 1480 2444 2,
1501 2363 1537 2441 4,

144 2461 195 2544 26,
208 2462 238 2544 2,
252 2463 279 2524 1.
313 2463 490 2546 egredior
510 2462 561 2544 22,
576 2463 604 2544 1,
615 2463 649 2544 4,
666 2461 718 2544 35,
731 2462 761 2544 2,
774 2463 803 2526 2.
836 2473 947 2528 666116
963 2486 982 2527 6
998 2463 1162 2530 Ciceronis
1179 2475 1210 2528 et
1226 2465 1375 2529 Caesaris
1396 2464 1539 2530 dictione

143 2565 295 2630 abhorret
317 2569 522 2630 accusativus
546 2565 646 2631 verbo
674 2567 818 2632 excedo
846 2568 1012 2652 adpositus
1034 2568 1085 2632 bis
1106 2569 1200 2633 locis:
1230 2569 1280 2646 13,
1300 2569 1331 2652 2,
1352 2570 1372 2632 3
1396 2571 1539 2633 ‘nemine

142 2680 267 2735 tantum
290 2681 414 2737 ceteros
437 2671 637 2757 excedente',
664 2672 713 2754 15,
733 2671 763 2753 2,
782 2673 802 2735 3
826 2674 890 2760 ‘qui
914 2697 1015 2738 annos
1038 2674 1120 2738 XIV
1141 2675 1346 2756 excesserat,
1371 2672 1422 2754 38,
1442 2674 1472 2754 3,
1497 2675 1536 2735 11

31 2763 33 2786 ’
144 2775 304 2840 ‘historiae
328 2776 460 2840 modum
482 2776 703 2858 excesserint',
729 2776 832 2859 43,1,
856 2777 876 2840 2
900 2778 1040 2842 ‘modum
1063 2780 1218 2863 propositi
1246 2779 1351 2863 operis
1374 2777 1538 2857 excedat’,

143 2901 278 2963 quorum
299 2882 440 2944 maxime
461 2883 584 2966 primus
605 2902 642 2945 eo
662 2880 814 2945 notabilis
830 2890 887 2958 est,
910 2881 993 2966 quod
1016 2903 1154 2966 persona
1174 2905 1248 2947 cum
1268 2883 1329 2946 hoc
1349 2881 1461 2962 verb0,
1484 2883 1538 2944 cui

142 2985 229 3048 notio
250 2983 464 3048 antecedendi
483 2987 576 3065 inest,
598 2985 812 3068 coniungitur.
842 2986 948 3049 minus
967 2994 1076 3050 autem
1096 2985 1265 3069 singularis
1286 2986 1417 3049 videtur
1438 2985 1538 3049 huius

142 3088 235 3152 verbi
252 3110 325 3152 cum
342 3086 551 3152 substantivis
568 3110 725 3152 annorum
736 3109 907 3152 numerum
920 3098 952 3152 et
962 3089 1094 3153 modum
1106 3089 1362 3173 significantibus
1373 3090 1537 3167 iunctura,

143 3195 208 3275 cui,
235 3201 271 3256 ut
297 3194 341 3256 ita
364 3193 485 3275 dicam,
514 3185 678 3256 civitatem
701 3191 790 3256 dedit
812 3192 936 3257 Livius.
975 3193 1117 3279 reliquae
1141 3193 1233 3258 verbi
1257 3192 1437 3258 ‘excedere'
1462 3216 1539 3258 con-

143 3299 334 3362 structiones
351 3319 407 3362 suo
422 3296 492 3361 loco
508 3295 742 3361 tractabuntur.
771 3318 949 3382 expugno
965 3296 1059 3378 2,14,
1075 3299 1108 3379 1,
1126 3298 1155 3375 3,
1168 3298 1198 3382 4,
1213 3301 1229 3360 1
1247 3298 1286 3362 61.
1317 3300 1350 3362 16
1366 3297 1468 3362 verbo
1486 3301 1538 3362 in-

142 3401 236 3466 cedo
258 3401 472 3466 construendo
493 3400 544 3483 22,
562 3400 592 3484 6,
612 3400 649 3462 11
673 3403 795 3484 ‘stupor
815 3401 924 3485 itaque
947 3422 1059 3465 omnes
1079 3410 1111 3465 et
1130 3401 1300 3466 admiratio
1319 3403 1470 3483 incessit',
1493 3405 1539 3466 ad

141 3508 238 3570 animi
262 3505 423 3592 quendam
446 3503 612 3570 adfectum
635 3505 885 3589 exprimendum
905 3505 1046 3568 Iustinus
1069 3507 1244 3591 praecipue
1263 3506 1352 3570 Livii
1374 3514 1407 3570 et
1425 3504 1539 3570 Taciti

142 3631 321 3674 sermonem
344 3617 474 3673 secutus
497 3618 559 3673 est:
584 3609 625 3673 of.
642 3609 715 3672 Liv.
733 3608 763 3694 2,
783 3607 833 3694 18,
851 3607 881 3690 8,
902 3607 980 3672 Tac.
996 3595 1081 3673 Hist.
1100 3607 1129 3694 5,
1147 3608 1198 3673 23.
1233 3609 1322 3694 apud
1342 3607 1538 3674 Ciceronem

141 3722 249 3778 autem
272 3712 409 3777 verbum
433 3713 604 3778 ‘incedere'
628 3712 690 3778 166
712 3735 807 3776 66666
834 3711 1016 3778 adhibitum
1042 3735 1105 3776 non
1126 3715 1301 3796 invenitur,
1325 3735 1431 3800 neque
1458 3737 1538 3778 cum

141 3818 251 3882 dativo
275 3818 495 3899 coniunctum,
518 3817 553 3881 id
577 3817 662 3903 quod
685 3826 857 3902 propterea
877 3817 997 3881 diserte
1021 3838 1251 3901 commemoro,
1275 3818 1360 3903 quod
1382 3817 1537 3883 Klotzius

140 3922 218 3986 falso
235 3918 568 4011 Cic.Fam.16,12,2
588 3921 703 4004 adfert,
725 3943 786 4005 quo
802 3920 871 3984 loco
888 3922 1071 3986 ‘invaserat'
1087 3921 1205 4004 legitur
1220 3923 1361 3987 omnium
1382 3922 1537 3987 codicum

142 4018 300 4090 consensu
320 4025 556 4091 confirmatum.
586 4028 673 4090 ineo
694 4025 724 4108 2,
737 4025 767 4108 4,
780 4026 816 4108 9,
837 4026 932 4111 2,13,
948 4025 983 4107 5,
1005 4025 1054 4103 12,
1070 4026 1119 4107 11,
1131 4024 1166 4106 6,
1187 4025 1239 4107 22,
1250 4025 1281 4107 5,
1297 4026 1350 4107 13,
1367 4016 1461 4109 23,’4,
1476 4028 1537 4110 10,

140 4131 191 4212 36,
204 4130 234 4212 4,
247 4131 281 4212 2,
303 4130 354 4212 23,
372 4130 401 4212 2,
420 4130 438 4192 8
460 4129 526 4216 (31,
547 4130 575 4215 1,
593 4130 640 4216 1),
656 4133 786 4216 passive
810 4130 859 4212 16,
876 4130 907 4212 4,
924 4130 958 4211 1,
981 4131 1034 4213 31,
1047 4129 1079 4212 4,
1096 4130 1131 4210 3,
1154 4130 1206 4212 42,
1223 4131 1254 4215 4,
1274 4130 1302 4194 1.
1333 4130 1539 4215 ingredior

248 4393 267 4458 1)
281 4394 315 4443 Η,
330 4393 347 4444 l.
363 4393 514 4444 Gronovius
530 4393 681 4443 Beneckius
696 4393 885 4459 Eittbogenius
902 4391 1045 4443 nonnullos
1062 4391 1167 4442 codices
1187 4393 1318 4458 pessimas
1340 4397 1420 4444 notae
1442 4397 1534 4444 secuti

140 4479 183 4530 ‘ad
194 4481 366 4530 Antiochum'
383 4479 535 4542 ediderunt,
553 4481 600 4530 sed
615 4495 650 4530 ne
666 4483 695 4529 in
706 4497 760 4530 uno
774 4481 883 4547 quidem
902 4481 993 4530 codice
1006 4482 1098 4543 exeis,
1115 4496 1181 4543 quos
1193 4480 1324 4530 Ruehlius
1336 4480 1370 4530 ad
1382 4494 1459 4529 suam
1472 4481 1533 4531 edi-

140 4569 240 4618 tionem
253 4567 433 4618 adornandam
446 4567 576 4631 adhibuit,
589 4567 655 4621 haec
667 4569 797 4633 scriptura
810 4573 904 4618 exstat.
