3225 5092
2890 226 2976 290 45

173 415 469 502 potest,¹)
504 437 903 502 quamquam
935 415 1127 480 huius
1159 415 1284 480 loci
1316 407 1771 500 argumentum
1804 416 1983 500 operi
2014 418 2441 481 astronomico
2471 438 2600 482 non
2632 420 2978 483 convenire

173 519 455 584 videtur.
531 521 648 585 sed
702 521 813 608 qui
866 521 1060 586 fuerit
1112 523 1576 586 sententiarum
1631 542 1946 604 conexus,
2001 521 2387 603 ignoramus,
2469 523 2687 607 itaque
2737 519 2979 587 Kleinii

175 626 393 709 opinio
429 626 585 689 satis
616 623 869 689 infirmo
903 627 1126 690 nititur
1155 625 1596 690 fundamento,
1661 623 1935 688 Pliniani
1968 608 2183 687 autem
2213 624 2338 688 loci
2368 636 2819 709 argumentum
2850 648 2980 690 non

172 730 392 792 minus
423 729 509 792 ad
543 730 1042 793 astronomicum
1074 752 1268 815 quam
1299 730 1383 794 ad
1414 727 1924 814 geographicum
1956 750 2117 814 opus
2148 728 2445 814 quadrat.
2501 737 2786 794 ceterum
2818 751 2977 815 opus

181 833 284 897 ‘de
316 833 528 897 terris'
572 835 624 897 si
657 835 723 897 in
753 833 945 898 Plinii
975 856 1208 898 manus
1240 835 1547 913 venisset,
1579 831 1947 897 mirandum
1978 841 2168 918 esset,
2209 832 2382 919 quod
2420 833 2526 897 ille
2557 856 2875 920 nusquam
2911 837 2979 899 in

179 937 474 1022 partibus
507 936 1038 1022 chorographicis
1069 937 1605 1002 antecedentibus
1637 936 1811 1001 hunc
1840 936 2079 1001 librum
2110 937 2425 1002 adhibuit.

385 1042 526 1106 Iam
556 1043 641 1106 ad
673 1044 886 1127 operis
910 1042 1240 1127 Nigidiani
1271 1043 1610 1106 materiam
1644 1050 1709 1104 et
1738 1043 2053 1105 rationem
2086 1041 2545 1127 explicandam
2568 1041 2976 1108 accedamus,

176 1149 309 1231 egit
333 1149 532 1232 igitur
554 1147 856 1231 Nigidius
881 1168 1012 1211 non
1038 1148 1242 1213 solum
1268 1147 1350 1210 de
1377 1148 1575 1230 signis
1599 1146 1869 1230 zodiaci,
1896 1145 2010 1209 sed
2036 1147 2231 1210 etiam
2255 1146 2335 1209 de
2352 1145 2612 1231 reliquis
2637 1146 2978 1230 sideribus,

176 1273 450 1336 quorum
484 1260 713 1333 ortum,
749 1252 1063 1334 columen,
1107 1273 1416 1316 occasum
1447 1250 1761 1333 definivit,
1802 1272 2014 1335 neque
2044 1249 2339 1335 planetas
2373 1273 2519 1315 eum
2549 1251 2912 1336 neglexisse
2943 1275 2978 1316 e

177 1355 372 1422 Gellii
417 1355 557 1420 loco
606 1377 802 1441 supra
859 1365 1360 1421 commemorato
1407 1355 1556 1442 (III,
1601 1354 1702 1436 10,
1741 1355 1811 1439 2)
1858 1354 2273 1438 intellegitur.
2357 1355 2470 1419 sed
2524 1356 2712 1420 huius
2768 1358 2978 1441 operis

175 1471 438 1547 praeter
459 1461 714 1527 fabulas
740 1462 915 1547 apud
942 1460 1357 1525 scholiastam
1385 1458 1757 1524 Germanici
1791 1469 1855 1522 et
1877 1459 2252 1544 Ampelium
2276 1468 2566 1524 servatas
2590 1461 2981 1545 paucissima

176 1575 432 1629 tantum
471 1564 746 1630 frustula
787 1575 1164 1652 supersunt,
1205 1588 1241 1629 e
1282 1584 1556 1651 quorum
1595 1586 1724 1628 uno
1768 1563 1946 1650 apud
1980 1562 2163 1628 Serv.
2205 1564 2375 1629 Dan.
2412 1565 2495 1629 ad
2530 1562 2767 1649 Georg.
2801 1564 2854 1647 I,
2894 1564 2979 1628 43

183 1678 476 1752 servato,
523 1669 637 1734 ubi
682 1672 1164 1754 aequinoctium
1212 1669 1478 1733 vernale
1525 1670 1778 1735 initium
1824 1669 1977 1731 anni
2022 1666 2405 1752 adpellatur,
2453 1691 2600 1732 cun]
2640 1669 2981 1752 BrsJ-‘sigio

177 1772 335 1860 (‘De
359 1774 436 1838 P.
462 1774 709 1857 Nigidii
733 1775 947 1858 Figuli
979 1773 1210 1859 fragm.
1236 1797 1340 1860 ap.
1368 1772 1566 1838 schol.
1595 1771 1814 1836 Germ.
1844 1772 2031 1838 serv.'
2057 1772 2339 1838 Berolini
2364 1796 2423 1838 a.
2449 1773 2976 1854 MLMJGLHH,

176 1878 341 1942 theS.
389 1877 461 1963 5)
511 1877 944 1962 colligendum
990 1899 1131 1943 esse
1170 1879 1430 1942 videtur
1472 1877 1808 1961 Nigidium
1861 1878 1927 1941 in
1976 1875 2291 1962 ‘Sphaera
2336 1876 2762 1942 Graecanica'
2814 1900 2979 1942 com-

175 1981 487 2066 putandis
535 2004 792 2068 quoque
832 1985 985 2048 anni
1016 1982 1415 2068 temporibus
1463 2003 1727 2068 operam
1762 1971 2057 2045 navasse.
2122 1981 2237 2044 sed
2287 1981 2368 2045 de
2418 1982 2765 2064 ‘antisciis',
2814 2003 2977 2066 quae

177 2094 519 2167 vocantur,
560 2088 599 2149 i.
635 2108 690 2151 e.
726 2087 805 2151 de
839 2089 1036 2172 signis
1077 2110 1117 2151 a
1157 2087 1424 2171 singulis
1472 2095 1777 2172 quattuor
1819 2095 2209 2172 punctorum
2269 2084 2693 2150 cardinalium
2748 2107 2979 2172 aequa-

179 2190 328 2254 liter
385 2189 780 2255 distantibus
830 2189 943 2276 (de
990 2189 1223 2276 quibus
1271 2191 1354 2254 cf.
1400 2189 1716 2274 Scaligeri
1766 2189 2258 2274 ‘Castigationes
2305 2199 2369 2253 et
2413 2199 2597 2254 notas
2644 2191 2711 2253 in
2757 2190 2977 2256 Manil.

181 2295 467 2359 Astron.’
494 2317 557 2380 p.
589 2293 712 2358 155
748 2314 884 2379 sqq.
921 2295 1022 2358 ed.
1059 2319 1115 2359 a.
1153 2293 1375 2381 MDC)
1423 2317 1571 2359 eum
1617 2296 2008 2358 mentionem
2053 2293 2283 2358 fecisse
2339 2293 2638 2358 concludi
2677 2297 2901 2380 nequit
2944 2316 2980 2357 e

183 2399 328 2464 loco
359 2400 417 2462 F
418 2401 628 2463 irmici
659 2399 938 2464 Materni
966 2423 1028 2487 p.
1070 2400 1150 2464 15
1173 2393 1274 2464 ed.
1301 2400 1500 2464 Basil.
1526 2423 1585 2466 a.
1611 2398 2083 2481 MDXXXIII,
2117 2397 2230 2461 ubi
2260 2396 2601 2463 Fabricius
2631 2398 2799 2463 Bibl.
2832 2398 2979 2464 Lat.

173 2504 294 2587 111,
320 2526 385 2590 p.
421 2505 542 2567 119
574 2525 692 2589 pro
725 2505 1060 2588 ‘Navigius
1100 2505 1334 2570 noster'
1379 2505 1577 2568 scribi
1618 2504 1846 2595 voluit:
1892 2503 2211 2588 ‘Nigidius
2251 2503 2507 2567 noster'.
2583 2503 2863 2590 denique
2896 2503 2978 2568 de

174 2608 401 2672 mundi
435 2609 692 2674 circulis
722 2610 1024 2694 Figulum
1056 2613 1266 2694 egisse
1295 2610 1485 2675 modo
1516 2609 1819 2673 vidimus.

384 2712 520 2777 Sed
569 2717 702 2777 iam
757 2714 1056 2779 diversae
1111 2716 1469 2780 sententiae
1533 2714 1614 2778 de
1669 2714 2069 2791 discrimine,
2136 2712 2307 2798 quod
2366 2714 2537 2777 inter
2589 2712 2975 2799 ‘Sphaeram

175 2817 670 2883 Graecanicam'
705 2828 770 2883 et
803 2818 1254 2884 ‘barbaricam'
1286 2821 1671 2900 intercessit,
1705 2841 1744 2882 a
1777 2817 2105 2902 Scaligero
2140 2819 2405 2903 eiusque
2436 2817 2811 2882 adversario
2844 2817 2978 2884 Sal-

175 2925 380 2986 masio
428 2922 718 3008 prolatae
762 2925 952 2990 nobis
1001 2925 1474 2989 examinandae
1521 2932 1687 2988 sunt.
1753 2945 1918 3009 quae
1966 2923 2223 2987 omnino
2269 2944 2400 2985 non
2443 2923 2801 3008 potuissent
2846 2930 2980 2986 tam

176 3026 479 3092 diversae
505 3049 668 3110 esse,
699 3028 841 3112 nisi,
865 3036 938 3092 ut
967 3052 1162 3114 supra
1179 3051 1242 3115 p.
1270 3029 1353 3092 36
1379 3028 1537 3113 dixi,
1562 3030 1689 3092 tria
1712 3036 1963 3091 tantum
1986 3027 2350 3111 fragmenta
2374 3025 2607 3112 pusilla
2630 3035 2979 3111 exstarent,

177 3131 421 3216 quibus
468 3131 691 3195 titulus
741 3135 951 3217 operis
994 3135 1346 3218 inscriptus
1392 3141 1506 3196 est.
1583 3131 1876 3216 Scaliger
1913 3133 2108 3215 igitur
2149 3131 2262 3218 (ad
2301 3128 2536 3222 Manil.
2563 3151 2627 3214 p.
2664 3130 2817 3216 369)
2858 3130 2979 3194 dis-

177 3237 427 3299 crimen
457 3238 525 3299 in
557 3236 922 3300 differentia
964 3237 1238 3301 climatis
1270 3233 1509 3301 Graeci
1541 3244 1604 3299 et
1638 3235 2032 3321 Aegyptiaci
2078 3237 2357 3321 positum
2401 3234 2599 3298 fuisse
2649 3235 2979 3299 contendit

175 3349 370 3424 atque
395 3339 732 3424 Nigidium
757 3343 820 3404 in
846 3341 1048 3405 altera
1072 3350 1258 3426 parte
1291 3364 1384 3424 ea,
1418 3361 1584 3426 quae
1609 3340 1693 3404 ad
1719 3340 2167 3425 phaenomena
2193 3338 2354 3402 caeli
2379 3336 2635 3423 Graeci,
2666 3340 2732 3403 in
2756 3338 2977 3416 altera,

177 3467 346 3530 quae
391 3444 478 3509 ad
511 3445 907 3530 Aegyptiaci
940 3445 1366 3532 pertinebant,
1414 3454 1751 3510 tractasse.
1810 3454 2033 3509 contra
2066 3444 2413 3509 Salmasius
2459 3446 2526 3507 in
2573 3442 2851 3507 diatribe
2899 3443 2980 3507 de

176 3552 363 3614 annis
396 3548 846 3615 climactericis
879 3559 944 3616 et
974 3553 1242 3637 antiqua
1271 3551 1617 3635 astrologia
1647 3549 1891 3636 (Lugd.
1920 3550 2065 3614 Bat.
2092 3572 2149 3612 a.
2176 3547 2818 3613 MDCXXXXVIII
2848 3547 2979 3634 ed.)

179 3677 241 3739 p.
293 3653 425 3718 592
479 3677 618 3740 sqq.
667 3656 735 3719 in
777 3664 1052 3741 utraque
1098 3666 1282 3741 parte
1326 3655 1663 3740 Nigidium
1710 3654 2005 3718 ‘eandem
2050 3651 2393 3739 sphaeram
2438 3651 2827 3736 generaliter
2872 3675 2981 3717 ex-

189 3767 488 3823 secutum
531 3780 695 3842 esse,
743 3760 857 3825 sed
898 3761 967 3823 in
1007 3758 1300 3845 Sphaera
1341 3758 1748 3824 Graecanica
1794 3781 1878 3822 ex
1916 3757 2316 3822 Graecorum
2358 3759 2694 3841 sententia,
2736 3778 2863 3843 qua
2900 3756 2984 3820 de

182 3885 380 3927 causa
420 3863 929 3949 unumquodque
971 3865 1226 3948 signum
1271 3865 1338 3927 in
1385 3863 1564 3928 caelo
1606 3865 2023 3929 constitutum
2070 3870 2259 3947 esset,
2306 3865 2371 3926 in
2419 3861 2767 3926 barbarica
2810 3860 2983 3925 hanc

180 3968 467 4032 siderum
491 3967 823 4032 historiam
850 3969 1210 4033 secundum
1234 3968 1716 4054 Aegyptiorum
1745 3969 2078 4052 opiniones
2104 3967 2502 4052 exposuisse'
2530 3968 2767 4033 statuit.
2811 3964 2981 4029 hanc

178 4082 399 4137 autem
441 4072 739 4137 Salmasii
782 4075 1166 4137 sententiam
1205 4072 1408 4137 firmis
1450 4075 1849 4156 argumentis
1890 4071 2332 4136 Buechelerus
2372 4070 2412 4134 l.
2450 4094 2503 4134 c.
2537 4094 2600 4157 p.
2640 4070 2981 4134 175—179

179 4178 507 4241 refutavit.
557 4199 730 4259 nam,
757 4198 1149 4263 quamquam
1173 4178 1257 4243 ad
1283 4199 1426 4242 eam
1446 4179 1710 4242 unicum
1726 4176 2163 4261 fragmentum
2188 4197 2271 4239 ex
2291 4174 2602 4259 ‘Sphaera
2617 4174 2980 4240 barbarica'

178 4289 509 4346 servatum
551 4304 654 4367 ap.
696 4280 878 4345 Serv.
917 4282 1087 4345 Dan.
1117 4282 1199 4345 ad
1236 4281 1473 4365 Georg.
1499 4280 1552 4364 I,
1582 4280 1662 4344 19
1695 4280 1870 4345 haud
1918 4279 2087 4345 male
2129 4280 2447 4365 quadrare
2488 4279 2747 4343 videtur
2784 4289 2980 4365 atque

184 4388 378 4450 etiam
409 4387 478 4448 in
507 4370 764 4471 fabulis,
797 4407 963 4471 quae
994 4388 1059 4450 in
1093 4386 1348 4450 scholiis
1373 4385 1457 4449 ad
1483 4384 1947 4450 Germanicum
1977 4387 2213 4466 insunt,
2247 4382 2591 4448 nonnullae
2616 4393 2784 4466 sunt,
2818 4405 2984 4469 quae

395 4611 440 4678 ¹)
471 4611 771 4678 ‘Sphaerae’
797 4615 854 4663 in
879 4613 1082 4664 scholio
1108 4614 1176 4664 ad
1203 4614 1395 4680 Georg.
1415 4613 1458 4676 I,
1482 4615 1544 4663 19
1569 4614 1703 4664 abiit
1728 4615 1783 4663 in
1813 4613 2067 4663 ‘saferae'.
