3225 5092
97 205 162 281 282'

97 409 320 475 Laeterorum
341 409 496 475 librorum
520 414 653 478 unicum
673 435 743 476 osse
763 411 884 476 fontem
910 413 1052 497 putavit,
1073 422 1181 480 tamen
1198 414 1266 477 eius
1287 413 1374 477 modi
1390 414 1490 479 verba

96 514 204 578 facere
216 536 280 578 non
289 514 431 580 debebat
442 527 625 602 propterea,
642 518 729 604 quod
741 517 813 582 aliis
825 518 904 582 locis
915 516 1010 581 huius
1022 517 1152 583 fabulae
1163 517 1375 583 demonstrari
1386 528 1492 605 potest

95 642 201 704 neque
222 642 300 683 casu
320 642 425 706 neque
446 623 576 686 consilio
592 646 612 687 a
631 622 771 687 librariis
790 622 941 687 codicum
956 621 968 685 l
983 632 1014 687 et
1033 622 1232 687 Pverbade
1249 623 1365 708 quihus
1387 626 1491 707 agitur

96 725 292 810 transposita
307 746 387 790 esse.
412 747 452 789 ac
472 730 612 813 primum
627 750 658 792 v.
677 728 739 791 998
754 728 979 813 respiciendus
995 737 1053 811 est,
1071 750 1133 812 quo
1148 729 1218 793 loco
1234 728 1262 790 L
1277 728 1364 792 huno
1380 727 1491 792 verbo-

95 852 167 893 rum
187 829 332 893 ordinem
351 829 488 915 praebet
510 839 628 921 γνώσηι
646 831 757 920 τέχνης
774 842 830 921 τῆς
848 835 924 921 ἐμῆς
938 839 1054 919 σημεῖα
1069 832 1184 913 κλύον,
1206 832 1397 897 οοιιιιείιιλ
1417 842 1448 897 et
1465 832 1495 895 P

97 933 199 997 verba
214 934 275 997 hoc
291 933 403 999 ordine
419 936 537 1000 tradita
552 946 627 1000 sunt
642 944 745 1026 γνώση
763 937 892 1021 (γνώσει
903 938 942 1022 P)
959 935 1069 1024 τέχνης
1084 944 1200 1025 σημεῖα
1216 948 1271 1026 τῆς
1286 938 1363 1026 ἐμῆς
1378 939 1493 1018 κλύων,

97 1047 166 1102 tum
181 1040 350 1123 praeteriri
365 1063 428 1104 non
444 1040 542 1105 dehet
557 1064 588 1105 v.
605 1042 698 1127 1114,
715 1064 778 1128 quo
793 1042 864 1107 loco
879 1042 977 1106 iidem
993 1041 1066 1105 libri
1081 1042 1092 1103 l
1105 1051 1137 1105 et
1150 1042 1181 1104 P
1192 1063 1305 1106 verum
1321 1051 1493 1107 servarunt

97 1141 270 1207 verborum
290 1144 436 1210 ordinem
455 1147 587 1229 ἄριστον
601 1144 621 1235 ἦ
635 1146 779 1234 σῴζοντα
793 1151 850 1213 τὸν
863 1145 937 1230 βίον
951 1148 1060 1227 τελεῖν,
1083 1168 1156 1210 cum
1175 1149 1208 1211 in
1224 1147 1251 1209 L
1271 1146 1355 1212 male
1371 1148 1434 1211 sint
1453 1168 1492 1211 ea

97 1246 199 1311 verba
219 1251 414 1332 transposita
434 1249 495 1313 hoc
514 1251 626 1315 modo:
654 1251 820 1341 ἄριστονῆ
839 1256 895 1317 τὸν
908 1250 982 1333 βίον
1002 1250 1158 1332 σαντ’ζοντα
1173 1252 1283 1317 τελεῖν.
1312 1273 1394 1337 quae
1418 1274 1494 1316 cum

97 1354 280 1433 deessent,
301 1352 541 1419 adnotationem
559 1354 648 1419 illam
663 1356 855 1421 Dindorfius
874 1359 994 1421 rectius
1015 1358 1162 1422 omittere
1183 1365 1319 1442 poterat.
1349 1366 1492 1419 ceterum

97 1453 147 1518 his
164 1454 241 1520 locis
260 1459 416 1543 respectis
435 1481 494 1542 pro
515 1470 603 1524 certo
622 1460 789 1525 adfirmari
809 1462 920 1546 nequit
935 1461 972 1525 E.
990 1484 1020 1525 v.
1039 1461 1132 1543 1310,
1154 1481 1250 1546 quem
1270 1460 1376 1525 locum
1396 1484 1495 1546 supra

97 1559 282 1642 adtulimus,
302 1562 405 1627 verba
423 1564 458 1628 in
473 1563 485 1625 l
500 1573 532 1627 et
549 1565 579 1628 P
594 1587 673 1629 casu
688 1568 884 1659 transposita
904 1588 984 1631 esse.
1018 1565 1079 1630 351
1101 1565 1150 1628 lP
1167 1566 1362 1703 scripturam
1380 1564 1493 1642 δέξεται

97 1716 264 1803 praebent,
285 1718 313 1780 L
333 1721 365 1784 in
380 1728 473 1785 textu
492 1720 606 1804 ἕξεται,
627 1723 661 1786 in
681 1723 810 1787 scholiis
827 1724 990 1810 duplicem
1010 1723 1203 1807 scripturam
1223 1720 1328 1799 ἕξεται
1347 1721 1492 1786 exhibet.

98 1820 180 1887 liber
190 1822 334 1889 Venetus
347 1825 468 1890 saeculi
479 1826 584 1911 ΧΠΙ,
601 1850 698 1913 quem
714 1828 934 1915 Campbellius
950 1828 1057 1892 littera
1070 1827 1100 1889 V
1112 1827 1282 1911 significat,
1300 1828 1495 1911 scripturam

98 1928 115 1960 a

98 1974 178 2056 ἕξει)
185 1980 330 2065 praebet,
343 1992 379 2045 ut
388 1985 492 2047 conici
504 1986 605 2068 possit
615 1984 700 2049 hanc
709 1984 873 2070 duplicem
886 1987 1079 2070 scripturam
1092 1986 1189 2049 etiam
1201 1984 1234 2046 in
1247 1982 1425 2067 exemplari
1438 1982 1494 2047 ob-

6 2114 9 2118 ·
98 2086 185 2147 viam
196 2085 316 2150 factam
330 2108 410 2169 esse,
428 2109 490 2172 quo
502 2110 579 2151 usus
592 2097 640 2151 est
655 2088 749 2153 huius
762 2090 883 2154 codicis
895 2090 1055 2172 librarius,
1070 2111 1176 2175 neque
1189 2095 1349 2152 statuatur
1359 2108 1495 2151 necesse

99 2191 139 2252 sit
158 2191 351 2275 scripturam
372 2190 481 2268 ἄξενοι
501 2214 544 2255 ex
559 2192 771 2257 Laurentiani
786 2194 813 2256 L
830 2194 957 2258 scholiis
978 2196 1010 2258 in
1030 2195 1108 2258 alios
1124 2194 1253 2257 codices
1273 2192 1395 2257 illatam
1412 2214 1494 2255 esse.

98 2293 176 2376 3523
201 2295 265 2358 366
279 2294 361 2361 ιτοτὲ
376 2298 434 2380 μὲν
449 2296 499 2374 λΡ,
518 2299 592 2362 τοτὲ
607 2299 664 2382 μὲν
678 2298 721 2381 8,
744 2297 807 2361 386
824 2297 836 2360 λ
855 2300 1047 2383 scripturam
1063 2298 1200 2384 praebet
1218 2298 1251 2376 ἐς
1267 2295 1353 2379 δέον,
1377 2296 1494 2361 eadem

98 2400 257 2484 scriptura
275 2402 308 2464 in
322 2399 353 2462 P
364 2409 463 2485 extat,
484 2402 545 2465 nisi
561 2402 647 2487 quod
666 2402 711 2467 ibi
727 2404 774 2482 εἰς
788 2426 846 2488 pro
861 2404 894 2482 ἐς
908 2402 1040 2487 legitur3
1062 2403 1089 2465 L
1105 2413 1214 2468 autem
1228 2403 1274 2481 εἰς
1289 2400 1387 2486 μέσον
1402 2422 1494 2487 prae-

98 2502 163 2568 bet.
187 2503 377 2569 Dindordius
394 2514 425 2568 et
442 2504 662 2592 Campbellius
679 2507 829 2572 codicum
844 2507 855 2570 l
871 2516 903 2572 et
919 2508 950 2571 P
960 2507 1131 2572 lectionem
1147 2516 1351 2591 receperunt,
1373 2506 1412 2571 de
1429 2527 1497 2590 qua

98 2631 137 2674 ea
153 2608 312 2690 conferas,
330 2632 413 2695 quae
429 2609 646 2675 Schneiderus
660 2612 746 2676 Ann.
760 2611 870 2698 philol.
884 2612 986 2693 OXV,
1004 2635 1034 2698 p.
1048 2611 1112 2675 449
1129 2612 1293 2696 exposuit3
1318 2610 1379 2675 387
1392 2610 1496 2696 rroob'-

96 2721 140 2801 βη
155 2714 176 2790 7,
197 2714 323 2799 ττρούβη
340 2715 375 2798 Ρ,
392 2712 504 2804 ἐξέβην
518 2714 557 2794 8,
577 2738 676 2802 supra
690 2719 836 2805 ττρούβην
854 2715 909 2797 0⁴3
932 2716 996 2780 402
1017 2712 1175 2781 ἐπίστασο
1191 2715 1240 2793 lP,
1261 2713 1437 2781 ἐπίστασαι
1452 2714 1499 2795 8,

97 2819 161 2883 413
181 2825 275 2884 κῖνῶν
289 2817 326 2897 Ρ,
347 2827 440 2883 κινῶν
457 2820 492 2897 P,
512 2825 617 2886 κεῖνον
632 2820 692 2903 78,
714 2820 778 2884 420
793 2821 827 2886 ἐν
842 2817 871 2886 d⁰
888 2821 936 2903 lP,
958 2815 1029 2887 ἕνθ’
1043 2820 1087 2902 8,
1109 2820 1174 2885 430
1194 2818 1334 2903 χαλκέως
1349 2819 1397 2898 λΡ,
1417 2820 1498 2901 χαλ-

683 2926 704 2957 ω

98 2974 172 3055 aaa
187 2976 230 3057 ι,
255 2974 319 3039 446
339 2976 480 3063 canopo
496 2976 544 3054 tr,
567 2926 740 3060 tutati
754 2999 821 3056 aa,
841 2979 1004 3062 συντόμως
1018 2975 1061 3059 ι,
1087 2976 1165 3057 4843
1189 2976 1267 3057 ιιι,
1296 2975 1360 3039 εει
1380 2970 1455 3041 aa
1474 2974 1498 3055 ι,

98 3077 173 3146 oto'
187 3081 222 3158 P,
239 3075 307 3145 οὐδ’
322 3080 368 3161 8,·
390 3080 454 3144 572
470 3070 566 3166 οἷμον
581 3080 628 3162 λΡ,
645 3080 748 3167 αἵμιον
763 3081 790 3143 8
795 3104 807 3161 ,·
829 3081 893 3146 575
914 3082 961 3144 lP
972 3083 1006 3145 in
1022 3082 1182 3166 scriptura
1197 3075 1314 3169 Ἅιδης
1329 3080 1347 3146 ὁ
1363 3082 1500 3147 τταύσοιν

97 3185 212 3251 τούσδε
229 3189 303 3263 τοὺς
318 3188 438 3269 γάμους
451 3180 511 3274 ἔφυ
527 3186 739 3270 consentiunt,
755 3186 782 3247 L
798 3188 832 3249 in
847 3208 945 3251 versu
961 3187 1071 3251 ultimo
1087 3184 1160 3270 ἐμοι1
1174 3206 1232 3272 pro
1244 3182 1303 3275 ἔφα
1320 3184 1462 3249 exhibet.
1472 3184 1499 3271 ¹)

100 3288 321 3375 Campbellius
341 3297 374 3352 et
394 3288 605 3355 Schubertius
627 3290 775 3355 codicum
794 3290 806 3352 l
826 3300 858 3354 et
874 3291 905 3354 P
919 3291 1091 3355 lectionem
1112 3287 1172 3377 ἔφυ
1192 3298 1394 3376 receperunt.
1425 3311 1501 3374 per-

99 3416 212 3481 peram
231 3403 338 3459 autem
356 3394 517 3459 iudicasse
537 3404 614 3481 puto
627 3394 852 3478 Wieselerum,
873 3397 929 3481 qui
952 3394 1048 3481 (Phil.
1065 3395 1212 3477 XXXII,
1228 3417 1259 3480 p.
1277 3394 1355 3479 356)
1378 3404 1501 3457 utram-

100 3521 163 3585 que
177 3500 349 3563 lectionem
365 3498 570 3564 abiciendam
587 3509 619 3564 et
633 3495 690 3565 ἔστι
705 3499 941 3564 restituendum
957 3521 1026 3563 esse
1043 3502 1196 3581 coniecit3
1219 3521 1324 3584 neque
1339 3498 1502 3563 Meinekii

99 3614 155 3669 aut
174 3604 318 3669 Nauokii
342 3608 534 3669 sententiam
559 3627 689 3691 possum
710 3605 863 3691 probare,
888 3607 943 3691 qui
964 3604 1059 3669 simili
1078 3608 1201 3669 ratione
1221 3610 1309 3689 κυρεῖ
1325 3612 1380 3669 aut
1401 3606 1504 3689 μόνος

102 3709 310 3774 scribendum
330 3731 402 3773 esso
423 3720 626 3775 censuerunt.
655 3734 730 3775 nam
751 3710 899 3796 pluribus
919 3709 997 3776 locis
1017 3711 1082 3773 iam
1101 3708 1319 3773 intelleximus
1340 3710 1373 3771 in
1394 3708 1454 3771 let
1471 3709 1508 3771 P

100 3837 195 3878 veras
216 3814 369 3879 lectiones
390 3825 534 3879 servatas
555 3838 636 3899 esse,
660 3837 766 3901 neque
788 3818 962 3901 quicquam
982 3813 1140 3899 impedire
1161 3813 1239 3876 mihi
1260 3813 1399 3894 videtur,
1422 3834 1503 3899 quo-

100 3920 206 3983 minus
221 3919 255 3983 in
271 3921 432 4006 scriptura
451 3915 511 4006 ἔφυ
531 3923 790 4006 acquiescamus,
812 3922 840 3983 si
856 3919 986 4006 quidem
1005 3917 1081 3983 libri
1097 3918 1124 3980 L
1138 3918 1308 3983 lectionem
1329 3916 1503 3981 ferendam

101 4045 172 4087 esse
192 4045 357 4107 negamus.
382 4026 491 4110 itaque
513 4026 539 4087 si
559 4024 714 4089 alterutra
729 4024 824 4088 lectio
841 4024 1048 4089 offensionem
1062 4044 1127 4087 non
1143 4022 1290 4108 praebet,
1307 4024 1416 4085 nescio
1433 4044 1505 4106 qua

101 4128 142 4192 de
162 4150 261 4192 causa
280 4137 337 4193 aut
357 4151 420 4215 quo
440 4130 508 4193 iure
526 4129 715 4193 coniciendo
737 4127 950 4193 substituatur
965 4149 1051 4192 nova
1063 4128 1168 4210 lectio,
1186 4148 1282 4212 quam
1299 4147 1411 4190 veram
1427 4146 1505 4188 esse

101 4236 300 4317 argumentis
316 4233 537 4299 demonstrare
552 4256 702 4319 nequeas.
730 4233 809 4315 696,
834 4233 897 4297 635
912 4256 968 4318 μοι
985 4232 1087 4295 λοονν.
1101 4232 1137 4309 Ρ,
1157 4255 1219 4317 μου
1235 4230 1295 4312 78,
1317 4230 1380 4293 643
1401 4232 1505 4295 ἀνταη

101 4344 259 4423 μύνοιιται
274 4337 322 4416 λΡ,
338 4341 568 4425 ἄνταμύνοιται
585 4339 627 4419 8,·
650 4338 714 4402 654
729 4339 917 4427 ναμφεύσειν
932 4338 980 4416 λΡ,
998 4338 1166 4425 νυμφεύειν
1181 4335 1222 4418 8,
1246 4335 1309 4399 656
1324 4340 1431 4421 ττάσης
1448 4333 1506 4415 λΡ,

207 4532 227 4597 ¹)
247 4532 385 4597 Scriptura
400 4529 455 4600 ’έφο
471 4534 499 4581 in
513 4533 536 4581 L
550 4533 658 4582 omnino
676 4548 730 4581 non
748 4537 789 4581 est
805 4531 911 4581 tradita.
928 4530 999 4580 idem
1017 4531 1158 4580 dicendum
1176 4536 1216 4580 est
1234 4530 1266 4579 da
1280 4528 1401 4579 codicum
1414 4529 1423 4577 l
1435 4532 1462 4577 et
1479 4528 1507 4577 L

103 4619 296 4683 discrepantiis,
310 4633 379 4685 quae
393 4620 499 4670 obviam
512 4620 589 4670 nobis
602 4618 671 4669 fiunt
688 4636 730 4669 vv.
745 4620 787 4680 85,
806 4620 866 4680 225,
886 4619 945 4680 645,
964 4619 1013 4665 mr
1032 4616 1066 4666 al.
