3225 5092
1430 228 1490 293 νυν
1512 212 1514 215 ’

90 413 307 478 animadverti
324 413 370 500 (V
388 413 459 496 111,
477 415 560 478 VIII
575 415 609 496 53
626 415 678 480 ΙΙΙ
694 415 745 497 78,
759 393 808 480 VI
822 416 914 497 102);
930 417 1013 480 VIII
1030 418 1089 481 101
1108 418 1152 502 (σύ
1167 416 1205 478 ὧν
1222 419 1294 499 ἐμοὶ,
1306 420 1418 502 καὶγὰρ
1430 421 1491 502 περὶ

88 525 140 596 τῆς
156 514 310 599 ναυμαχίης
326 519 354 580 εὖ
371 521 585 598 συνεβούλευσας
599 529 648 598 τῆς
663 525 816 600 γενομένης
833 524 882 583 oia
902 525 975 583 ἐῶσα
993 527 1143 605 ποιέεσθαι,
1167 529 1212 584 νῦν
1231 547 1261 584 τε
1276 525 1491 612 συμβούλευσον)

91 630 202 686 autem
219 625 443 688 coniunctione
459 627 499 706 τὲ,
517 627 542 688 si
557 625 654 690 modo
669 625 840 690 retinenda
861 635 918 708 est,
940 648 1037 711 quam
1060 629 1216 691 artissime
1233 649 1280 708 ea,
1298 651 1381 713 quae
1396 631 1492 694 inter-

92 725 272 791 clusionem
284 738 447 811 secuntur,
466 729 567 794 verba
579 729 655 792 huic
671 730 896 794 adnectuntur.
929 730 1092 795 difficilius
1109 734 1205 795 etiam
1220 753 1273 795 res
1289 755 1323 796 se
1339 732 1447 815 habet,
1465 735 1492 796 si

94 829 250 914 verbum,
275 832 362 917 quod
385 844 460 898 ante
484 835 746 900 interclusionem
769 836 910 920 positum
934 836 1195 919 coniungendum
1220 845 1268 900 est
1291 858 1366 901 cum
1390 837 1492 902 altera

90 945 185 1020 parte
198 939 356 1001 enuntiati
367 940 522 1023 primarii,
538 940 583 1003 ita
596 948 816 1004 constructum
832 950 890 1022 est,
907 950 1073 1026 tamquam
1089 964 1107 1005 e
1122 940 1223 1005 verbo
1240 941 1380 1027 quodam
1396 942 1492 1006 inter-

91 1039 245 1104 clusionis
261 1040 402 1127 pendeat
419 1043 532 1128 (VIHI
549 1044 625 1127 1093
641 1045 658 1108 Ι
676 1044 761 1126 114).

197 1145 408 1232 Thucydides
422 1170 549 1234 quoque
560 1149 638 1213 talia
650 1152 818 1214 enuntiata
830 1172 958 1237 semper
968 1150 1109 1214 mediam
1121 1151 1154 1213 in
1166 1149 1335 1235 periodum
1346 1151 1491 1234 inseruit,

90 1270 269 1334 numquam
297 1253 424 1316 omnino
454 1256 653 1339 praeposuit,
692 1263 778 1318 certe
806 1277 907 1318 unum
936 1255 1057 1318 saltem*
1077 1255 1240 1319 antecedit
1267 1252 1404 1318 verbum
1432 1253 1493 1340 (καί

90 1351 108 1414 I
124 1353 176 1436 31,
193 1353 223 1435 2,
241 1355 307 1418 VII
321 1355 373 1440 48,
390 1356 435 1443 2).
467 1377 564 1442 quam
581 1357 658 1422 vero
673 1359 839 1424 licentiam
851 1358 1036 1423 Herodotus
1052 1380 1111 1444 pro
1127 1359 1329 1422 dissolutiore
1345 1380 1492 1422 sermone

91 1479 151 1521 suo
168 1459 311 1542 admisit,
332 1482 403 1524 eam
424 1484 541 1545 magno
558 1485 655 1548 opere
674 1465 842 1528 imminuit.
873 1463 996 1528 nullum
1012 1464 1097 1528 enim
1114 1463 1201 1549 apud
1218 1484 1292 1527 eum
1307 1463 1492 1548 exemplum

91 1562 265 1645 invenitur,
287 1563 343 1628 ubi
363 1575 435 1650 post
455 1567 719 1632 interclusionem
736 1568 898 1632 causalem
919 1568 971 1631 vel
987 1567 1218 1652 explicativam
1235 1569 1280 1630 σύν
1295 1568 1429 1652 legitur3
1453 1590 1492 1630 ac

91 1689 166 1730 raro
181 1669 371 1753 pronomine
389 1669 642 1734 demonstrativo
656 1672 895 1736 substantivum
907 1672 1072 1756 quoddam
1084 1672 1320 1736 interclusionis
1336 1673 1493 1756 repetitur

92 1770 159 1856 (III
176 1771 226 1854 70,
244 1772 288 1859 3).
319 1795 381 1838 nec
402 1797 478 1839 vero
500 1775 617 1840 desunt
635 1776 698 1840 1ουί
704 1826 712 1858 ,
734 1775 852 1861 quibus
872 1799 948 1861 pars
967 1776 1070 1840 altera
1086 1778 1242 1840 enuntiati
1257 1777 1402 1861 primarii
1419 1799 1493 1840 eum

90 1877 321 1943 interclusione
343 1882 534 1961 conectitur3
559 1902 634 1943 nam
654 1881 722 1944 ΠΙΙ
747 1881 822 1961 132,
844 1880 1090 1966 2Thucydides
1112 1883 1143 1942 δέ
1163 1882 1298 1944 inseruit
1319 1889 1351 1944 et
1366 1880 1383 1943 I
1399 1879 1489 1961 72,1

92 1980 197 2045 altera
216 1983 372 2048 enuntiati
392 2007 468 2069 pars
489 2008 509 2048 a
529 1987 576 2045 ναί
595 1987 718 2071 incipit.
755 1986 853 2049 etiam
873 1986 1024 2068 graviora
1044 1984 1238 2048 anacolutha
1258 1985 1316 2048 etsi
1337 2005 1443 2069 pauca
1460 1986 1492 2047 in

91 2082 211 2149 talibus
227 2087 368 2170 periodis
384 2089 605 2170 inveniuntur3
622 2089 713 2153 velut
725 2090 828 2154 Thuc.
845 2089 928 2153 VIII
944 2090 995 2174 30,
1013 2090 1029 2151 1
1047 2111 1179 2174 prorsus
1195 2091 1374 2174 comparari
1386 2098 1493 2173 potest

93 2211 168 2254 cum
184 2191 263 2256 Her.
279 2192 296 2255 Ι
311 2192 354 2256 24
370 2193 591 2280 similibusque
608 2193 774 2281 exemplis,
797 2194 838 2258 de
858 2195 976 2280 quibus
992 2194 1256 2279 supradiximus.
1288 2194 1346 2258 sed
1361 2193 1415 2256 alii
1430 2193 1491 2257 loci

93 2292 125 2379 (I
141 2294 191 2372 72,
212 2296 244 2376 13
264 2297 334 2378 115,
351 2296 372 2359 4
384 2305 436 2360 τῶν
449 2300 480 2359 δὲ
493 2283 613 2382 Σαμίων,
630 2298 699 2378 ἦσαν
714 2304 767 2379 γάρ
779 2323 851 2372 τινες
863 2303 890 2362 οἳ
901 2303 952 2378 ούχ
963 2301 1106 2379 ὑπέμενον,
1118 2301 1185 2360 ἀλλ’
1199 2302 1296 2379 ἔφυγον
1309 2301 1339 2372 ἐς
1349 2301 1398 2374 τὴν
1410 2301 1491 2376 ἤπει-

91 2422 154 2481 ρον,
175 2399 331 2479 ξυνθέμενοι
353 2439 392 2448 -
415 2403 546 2481 διέβησαν
566 2404 616 2464 ὑπο
635 2407 717 2465 νύνιτα
736 2405 766 2477 ἐς
784 2406 833 2480 τὴν
853 2402 961 2488 Σάμον)
981 2412 1133 2466 nontam
1154 2400 1369 2466 anacoluthon
1393 2423 1492 2487 quam

91 2503 385 2590 breviloquentiam
402 2508 566 2571 continent
581 2516 679 2592 atque
694 2508 809 2571 iniuria
826 2507 966 2571 editores
982 2506 1140 2593 (Boehmc
1155 2505 1196 2570 ad
1211 2506 1229 2569 I
1245 2507 1297 2587 31,
1312 2505 1343 2589 2,
1358 2504 1492 2570 Classen

91 2608 135 2672 ad
151 2609 168 2672 Ι
184 2609 239 2692 72,
264 2611 295 2695 1)
311 2609 369 2673 hos
390 2633 518 2698 quoque
538 2610 626 2676 locos
648 2634 721 2696 cum
738 2612 932 2675 Herodoteis
954 2609 1169 2675 contulerunt.
1201 2631 1275 2674 cum
1297 2612 1383 2674 enim
1402 2610 1492 2695 apud

91 2713 296 2778 Herodotum
318 2717 466 2797 verbum,
487 2717 574 2804 quod
593 2727 668 2781 ante
684 2716 946 2781 interclusionem
962 2716 1153 2780 collocatum
1170 2725 1228 2798 est,
1250 2717 1400 2779 continuo
1418 2738 1492 2779 cum

92 2816 197 2881 altera
220 2821 377 2884 enuntiati
400 2831 492 2906 parte
519 2821 780 2905 coniungendam
803 2822 845 2885 sit
867 2823 899 2884 in
923 2821 1020 2885 alium
1044 2819 1175 2904 quidem
1200 2840 1312 2884 casum
1332 2830 1492 2884 mutatum

92 2921 176 3006 (ΠΠ
190 2922 256 2986 200
269 2932 322 2985 τῶν
340 2927 370 2986 δὲ
385 2933 438 2986 πᾶν
453 2928 507 3007 γὰρ
522 2926 555 3004 ἦν
571 2931 600 2988 ab
616 2930 722 3004 πλῆθος
739 2928 884 3009 μεταίτιον,
905 2930 954 2987 oin
970 2929 1097 2988 ἐδέκοντο
1118 2927 1180 2999 τούς
1195 2927 1295 3004 λόγους
1315 2945 1492 3008 pronomen

92 3038 147 3089 τῶν
165 3031 210 3111 δὲ,
227 3029 313 3114 quod
330 3052 347 3093 e
364 3029 465 3094 verbo
481 3034 588 3108 πλῆθος
604 3031 739 3117 pendet,
762 3031 885 3095 dictum
901 3039 950 3094 est
965 3052 1023 3115 pro
1039 3032 1064 3090 οἱ
1080 3029 1135 3113 δέ),
1154 3029 1232 3093 locis
1248 3028 1310 3092 illis
1326 3028 1492 3113 Thucydi-

93 3132 165 3196 deis
180 3135 352 3216 genetivus
368 3143 421 3196 τῶν
438 3137 469 3197 δὲ
486 3137 637 3212 Ἀθηναίων
655 3145 687 3198 et
701 3143 754 3197 τῶν
770 3138 801 3197 δὲ
817 3137 929 3214 Σαμίων
945 3157 1009 3199 non
1024 3143 1197 3219 usurpatus
1213 3141 1263 3197 est
1277 3155 1334 3220 pro
1350 3135 1492 3196 nomina·

93 3238 171 3322 tivo,
193 3237 250 3301 sed
267 3261 309 3302 ex
324 3239 552 3305 interclusione
568 3241 610 3304 ad
627 3263 700 3305 eum
715 3241 954 3304 adsumendum
975 3248 1024 3304 est
1039 3238 1176 3303 verbum
1195 3239 1385 3323 primarium
1409 3238 1492 3322 (πρε-

94 3345 184 3427 σβεία,
200 3343 296 3428 τινὲς),
313 3343 355 3407 ad
371 3345 457 3430 quod
475 3345 705 3430 explicandum
721 3344 853 3409 additur
869 3345 1064 3426 interclusio,
1081 3345 1113 3406 in
1130 3364 1195 3427 qua
1209 3341 1378 3406 brevitatis
1395 3363 1493 3406 causa

94 3447 176 3512 illud
196 3447 334 3513 verbum
355 3449 548 3513 collocatum
569 3459 626 3513 est.
658 3451 766 3533 itaque
782 3449 832 3513 his
848 3449 926 3513 locis
942 3471 1005 3512 non
1022 3448 1180 3510 enuntiati
1195 3448 1340 3532 primarii
1356 3469 1431 3531 pars
1447 3469 1493 3510 se-

93 3574 198 3638 quens
215 3553 404 3638 explicatur,
423 3553 480 3616 sed
496 3553 643 3636 verbum,
661 3552 747 3638 quod
762 3562 837 3617 ante
853 3553 1115 3617 interclusionem
1130 3551 1317 3636 ponendum
1333 3559 1412 3614 erat.

199 3656 265 3722 Sed
280 3658 362 3722 haec
377 3656 572 3722 anacolutha
588 3659 705 3743 partim
721 3657 878 3722 Herodoti
895 3666 927 3721 et
942 3656 1148 3742 Thucydidis
1165 3657 1355 3737 communia,
1375 3657 1493 3739 partim

93 3761 190 3825 huius
211 3763 356 3848 propria,
377 3783 459 3848 quae
481 3785 523 3826 ex
542 3761 603 3825 hoc
622 3785 684 3825 usu
703 3761 882 3846 particulae
898 3766 951 3842 γάρ
968 3762 1127 3844 oriuntur,
1144 3768 1217 3845 post
1241 3781 1295 3823 eos
1313 3781 1379 3823 non
1402 3781 1492 3844 repe-

93 3868 230 3932 riuntur.
261 3869 295 3930 in
309 3867 418 3931 libello
431 3867 471 3930 de
488 3867 736 3931 Atheniensium
753 3890 789 3930 re
804 3865 937 3953 publica
951 3864 1076 3930 nullum
1091 3867 1176 3928 inest
1192 3863 1379 3949 exemplum
1398 3863 1493 3926 huius

93 3995 186 4055 usus,
208 3993 271 4057 quo
291 3971 476 4036 interclusio
497 3971 540 4036 ad
561 3982 748 4056 sequentem
769 3971 926 4035 enuntiati
941 3983 1068 4055 partem
1084 3969 1233 4053 refertur,
1253 3967 1287 4030 id
1303 3966 1389 4052 quod
1405 3967 1493 4030 haud

94 4076 194 4142 dubie
210 4099 299 4141 mero
316 4100 394 4142 casu
409 4077 532 4140 factum
549 4085 606 4140 est.
635 4077 691 4140 sed
706 4075 941 4162 Antiphontem
956 4075 1100 4139 consulto
1112 4073 1197 4137 hanc
1208 4073 1393 4153 dictionem,
1409 4093 1493 4155 quae

95 4183 125 4245 ei
132 4181 271 4247 fortasse
282 4181 408 4266 longius
421 4205 441 4246 a
453 4180 582 4246 dicendi
595 4180 754 4264 elegantia
762 4180 877 4244 abesse
890 4179 1065 4260 videretur,
1079 4180 1218 4242 evitasse
1227 4177 1360 4240 credere
1369 4177 1493 4253 malim;

95 4286 126 4350 V
142 4285 186 4350 20
202 4287 289 4351 enim
303 4286 566 4351 interclusionem
580 4308 599 4349 a
614 4284 716 4349 verbo
733 4288 867 4365 ἐτύγχανε
882 4284 1100 4369 incipientem,
1122 4281 1233 4366 quales
1248 4280 1494 4345 interclusiones

94 4389 326 4478 Thucydidem
346 4391 553 4476 praemittere
575 4390 703 4454 solitum
725 4410 794 4453 csse
810 4389 962 4470 vidimus,
979 4395 1052 4473 post
1066 4388 1156 4474 prius
1172 4384 1353 4449 membrum
1369 4384 1495 4470 periodi

93 4499 211 4583 posuit.
244 4517 326 4582 quae
347 4505 456 4560 autem
471 4495 488 4558 Ι
506 4495 543 4558 11
557 4495 674 4580 legitur
694 4496 909 4580 interpositio,
930 4516 995 4558 non
1016 4493 1058 4557 ad
1079 4515 1131 4572 ea,
1154 4512 1237 4575 quae
1258 4500 1426 4575 secuntur,
1447 4512 1494 4554 re·

94 4601 230 4667 ferenda
247 4611 305 4688 est,
319 4601 377 4665 scd
393 4600 448 4664 illa
463 4600 600 4665 verbum
615 4608 659 4660 νῦν
674 4599 807 4664 uberius
823 4599 1026 4686 explanatur.
