3225 5092
118 218 178 284 61
235 167 238 174 ’

115 412 335 498 Wopkensius
348 411 450 499 (apud
462 410 742 496 FrotscherumII,
750 433 781 496 p.
791 408 870 496 460)
882 420 938 475 661
949 431 1064 474 100061
1075 409 1306 495 ‘apparatibus’
1317 408 1507 492 eiciendam,

114 526 171 581 aut
179 517 427 604 ‘apparatorum'
437 515 644 581 scribendum
653 538 723 579 esse
737 515 871 580 censuit.
895 516 1036 599 priorem
1048 516 1267 579 coniecturam
1279 514 1449 601 amplexus
1460 525 1510 579 est

113 620 278 685 Ruehlius.
310 630 433 696 atsunt
448 630 566 702 tamen,
588 642 671 706 quae
688 619 771 684 hanc
791 618 952 684 medelam
973 618 1160 683 dissuadere
1176 619 1357 683 videantur.
1390 620 1509 684 etenim

113 728 178 789 iam
198 746 296 811 supra
315 723 601 789 animadvertimus
621 724 792 806 adiectiva,
816 745 899 808 quae
914 746 934 787 6
949 722 1058 787 verbis
1075 722 1223 788 derivata
1241 734 1325 808 sunt,
1345 722 1510 788 interdum

115 829 261 914 eandem,
274 851 371 914 quam
383 828 481 894 habet
491 831 599 914 ipsum
610 827 757 905 verbum,
772 837 967 892 structuram
979 827 1161 891 adsumere.
1182 830 1227 892 ita
1236 825 1508 893 ‘meditabundus’

114 942 147 997 et
167 934 304 998 ‘exosus'
326 955 400 998 oum
419 935 605 998 accusativo
626 935 863 1016 coniunguntur
883 930 934 1016 38,
952 932 982 1013 3,
1000 931 1033 1012 73
1058 931 1106 1014 13,
1124 930 1153 1013 8,
1167 931 1197 1013 2,
1217 933 1359 1017 itemque
1380 931 1509 995 dativus

114 1040 188 1102 voci
201 1036 475 1122 ‘gratulabundus’
489 1035 635 1101 adiectus
651 1047 699 1102 est
715 1037 744 1118 6,
754 1037 783 1118 8,
796 1037 845 1100 13.
873 1057 978 1120 60660
993 1036 1099 1100 611666
1114 1037 1250 1100 61101661
1266 1019 1514 1112 adiectivorum,

114 1142 214 1207 veluti
228 1141 416 1227 impotens,
429 1140 607 1227 ‘superbus’
621 1141 707 1227 apud
719 1141 878 1204 Iustinum
894 1163 968 1203 cum
984 1140 1093 1205 dativo
1108 1143 1287 1226 structuris,
1304 1162 1386 1225 quae
1401 1142 1434 1203 in
1452 1162 1509 1203 suo

114 1269 232 1332 genere
248 1269 353 1332 paene
369 1246 547 1330 singulares
563 1245 628 1309 dici
643 1255 787 1332 possunt,
808 1267 984 1327 monemur,
1001 1255 1037 1309 ut
1052 1267 1178 1310 summa
1193 1248 1226 1308 in
1242 1267 1277 1308 re
1294 1247 1405 1310 critica
1420 1245 1510 1309 facti-

114 1351 214 1416 tanda
229 1360 358 1416 utamur
374 1353 522 1416 cautione
537 1373 621 1415 neve
636 1361 758 1414 temere
774 1351 859 1414 hanc
875 1350 1005 1414 illamve
1024 1360 1218 1415 structuram
1239 1359 1349 1435 utpote
1368 1350 1411 1415 ab
1432 1352 1510 1435 opti-

76 1447 80 1456 ’
114 1478 240 1521 1601661
260 1458 452 1540 scriptorum
472 1479 533 1520 usu
553 1464 708 1520 remotam
723 1455 881 1520 tollamus.
912 1454 1428 1540 606601010661066111010066
1450 1463 1509 1537 061,

17 1561 19 1574 ’
101 1559 171 1624 nbi
187 1559 346 1624 adiectivo
360 1561 540 1624 ‘studiosus’
555 1560 760 1644 subiungitur
776 1559 916 1641 dativus,
933 1559 991 1622 sed
1007 1561 1071 1623 iam
1083 1560 1276 1622 vetustiores
1287 1557 1404 1623 Iustini
1414 1560 1510 1621 inter·

114 1673 223 1749 protes
235 1665 277 1728 ad
289 1665 393 1729 Plaut.
404 1664 468 1728 mil.
482 1664 561 1749 glor.
576 1664 639 1728 800
655 1664 694 1730 R.
705 1687 762 1728 nos
774 1665 1016 1749 relegaverunt:
1030 1665 1096 1748 ‘qui
1107 1665 1168 1727 nisi
1177 1662 1335 1728 adulterio
1348 1663 1510 1727 studiosus

114 1770 162 1832 101
178 1768 256 1833 66111
272 1768 336 1832 6116
352 1779 400 1834 661
416 1769 601 1855 improbus'.
632 1769 768 1833 0611000
786 1768 930 1853 Georges
947 1792 971 1832 s.
985 1769 1016 1832 h.
1028 1791 1059 1831 v.
1076 1768 1195 1832 adiecit
1211 1768 1316 1854 Spart.
1330 1768 1433 1832 Hadr.
1446 1766 1507 1850 2,1

116 1873 273 1937 ‘venando
289 1895 391 1957 66660
407 1874 448 1938 ad
464 1874 747 1961 reprehensionem
764 1873 946 1938 studiosus'.
972 1873 1111 1958 denique
1125 1873 1235 1955 dativi,
1252 1875 1307 1957 qui
1318 1872 1406 1959 apud
1418 1873 1511 1936 Iusti-

114 2001 192 2042 num
207 1978 334 2062 legitur,
351 1977 434 2042 haee
450 1979 581 2063 quidem
597 1978 718 2043 adferri
734 1988 841 2063 potest
861 1980 1037 2060 excusatio,
1058 1988 1102 2060 ut,
1124 1977 1157 2041 id
1174 1976 1260 2062 quod
1274 1987 1362 2041 recte
1378 1977 1512 2041 adnotat

114 2083 309 2147 Kuehnerus
329 2081 364 2146 Π
382 2105 414 2169 p.
427 2083 500 2164 234,
514 2083 588 2146 adn.
602 2083 632 2166 6,
654 2081 799 2146 dativum
819 2085 1043 2166 genetivorum
1063 2084 1317 2146 coacervationis
1338 2080 1510 2146 evitandae

115 2209 213 2253 causa
229 2189 369 2274 positum
385 2187 626 2253 066661061666.
658 2209 741 2272 quae
762 2210 836 2252 0616
852 2190 897 2252 116
916 2190 988 2271 6161,
1008 2190 1095 2252 11660
1111 2187 1257 2251 dativum
1272 2195 1432 2272 temptare
1446 2208 1513 2249 606

115 2291 227 2356 audeo.
255 2291 432 2375 616611616,
449 2293 553 2376 166611
564 2291 760 2372 Beneckius,
777 2293 880 2357 habes
893 2293 1048 2373 dativum,
1065 2295 1162 2356 immo
1174 2314 1232 2379 610
1245 2290 1387 2356 ablativo
1400 2300 1512 2355 66160-

116 2395 265 2482 01616616
287 2396 390 2460 forma
413 2395 640 2482 ‘apparatibus'
665 2419 729 2460 non
754 2419 847 2460 66066
871 2419 910 2460 60
933 2398 1069 2479 formae,
1094 2419 1177 2482 quae
1203 2397 1299 2461 modo
1322 2405 1514 2481 sequuntur,

117 2501 273 2586 ‘quaestu'
290 2508 323 2563 et
338 2501 503 2565 ‘custodia'
521 2500 562 2564 ab
579 2501 739 2565 6111001110
756 2502 933 2567 ‘sollertior'
950 2500 1137 2587 pendentes.
1170 2502 1227 2566 sed
1243 2501 1319 2566 huic
1334 2502 1514 2566 sententiae

115 2627 318 2690 nequaquam
334 2607 506 2671 adsentior.
538 2629 613 2670 nam
629 2629 734 2692 neque
752 2610 932 2694 comparari
947 2617 1054 2692 potest
1066 2607 1247 2671 ‘studiosus’
1262 2629 1335 2671 cum
1350 2606 1514 2671 adiectivo

116 2709 256 2788 ‘sollers',
277 2732 382 2795 neque
402 2713 508 2775 minus
523 2711 662 2775 insolens
678 2722 763 2775 esset
784 2712 945 2777 ablativus
968 2734 1065 2798 66616
1087 2712 1224 2776 dativus.
1256 2711 1298 2775 ad
1314 2710 1515 2774 adiectivum

116 2814 303 2899 superbus
317 2839 390 2880 0616
400 2815 508 2880 1161110
518 2817 712 2903 0066161616,
726 2819 818 2882 06166
830 2827 1009 2883 structurae
1018 2817 1222 2882 insolentiam
1230 2819 1295 2883 iam
1303 2840 1400 2903 supra
1409 2815 1514 2899 adtigi

117 2917 204 3004 (dico
216 2920 319 2985 verba
334 2920 385 3004 26,
395 2920 455 3003 3,4
468 2920 637 3006 ‘superbus
653 2925 761 3007 regiae
777 2923 953 3009 familiae'),
970 2922 1119 3007 analogia
1135 2923 1378 3006 adiectivorum,
1394 2920 1515 3005 quibus

115 3023 236 3108 aliquid
258 3025 365 3088 infesti
387 3027 479 3103 inest,
503 3048 655 3110 magnam
677 3027 745 3091 vim
767 3026 918 3090 habuisse
942 3027 1079 3092 videtur.
1119 3035 1318 3113 superstes
1345 3023 1396 3106 22,
1417 3024 1448 3105 8,
1472 3024 1515 3087 14

116 3131 314 3214 ‘superstites
331 3129 583 3215 ...Agathoclis
603 3130 734 3195 liberis'.
770 3131 968 3195 terribilis
984 3130 1035 3213 23,
1059 3132 1086 3213 1,
1106 3132 1145 3194 16
1167 3130 1327 3194 ‘terribilis
1346 3129 1514 3193 finitimis'.

2 3289 12 3294 ..
114 3233 266 3296 1101666
280 3232 434 3297 adiectivi
446 3233 540 3298 modo
553 3236 694 3321 positum
707 3257 781 3298 cum
794 3235 903 3300 dativo
917 3237 1120 3300 consociatur
1137 3236 1188 3316 15,
1197 3235 1228 3315 4,
1239 3235 1258 3296 8
1271 3235 1405 3298 ‘vicinos
1416 3232 1514 3316 urbi’,

116 3337 308 3401 substantivi
319 3339 386 3402 vim
401 3348 515 3402 tenens
533 3361 607 3404 oum
622 3341 772 3422 genetivo
790 3339 840 3422 18,
853 3340 883 3424 5,
898 3340 938 3404 10
952 3341 1077 3404 ‘vicinis
1089 3339 1252 3404 locorum'.
1277 3338 1516 3403 adieetivorum

115 3463 231 3525 agmen
251 3442 380 3508 01661161
395 3442 494 3526 10066,
514 3443 571 3509 6111
591 3443 720 3508 dativus
739 3444 862 3529 pendet
882 3445 922 3508 de
943 3447 1129 3531 6106061166
1148 3444 1262 3508 idem:
1283 3443 1313 3526 2,
1334 3443 1364 3528 4,
1384 3443 1516 3505 114111-

115 3548 207 3630 gines
222 3547 256 3611 in
272 3547 411 3612 eundem
426 3549 503 3633 ipsis
520 3569 683 3614 morem..
699 3599 705 3612 .
720 3549 938 3613 exercebant‘.
970 3572 1066 3634 quam
1082 3572 1151 3614 rem
1170 3558 1206 3613 ut
1226 3548 1435 3633 explicemus,
1456 3549 1516 3610 vix

116 3672 195 3736 opus
208 3673 279 3715 esse
291 3652 430 3716 arbitror
441 3652 482 3716 110
494 3654 671 3718 imitatione
680 3652 808 3717 Graeca
823 3655 976 3738 cogitare,
989 3653 1074 3739 quod
1084 3654 1232 3717 Vorstius
1245 3652 1332 3739 apud
1344 3650 1518 3717 Frotsche-

114 3777 186 3820 rum
200 3755 257 3842 (II,
270 3756 344 3843 193)
358 3755 445 3834 feeit,
463 3759 559 3822 immo
574 3757 670 3844 plane
687 3761 839 3822 convenit
856 3758 936 3822 haec
950 3768 1120 3843 structura,
1138 3760 1164 3821 si
1176 3779 1245 3823 rem
1256 3778 1315 3843 per
1327 3779 1361 3820 se
1373 3765 1516 3842 spectes,

115 3869 250 3925 naturae
266 3869 298 3924 et
312 3862 429 3926 rationi
444 3860 575 3946 linguae
590 3862 717 3945 latinae,
735 3884 798 3948 qua
815 3863 944 3928 dativus
960 3886 1033 3928 0616
1051 3862 1150 3927 101110
1163 3861 1269 3926 ‘idem’
1286 3860 1402 3924 eodem
1417 3860 1516 3925 modo

116 3965 266 4048 coniungi
285 3974 411 4050 poterat
432 3988 495 4052 660
517 3989 591 4031 0616
611 3966 782 4031 adiectivis
804 3969 884 4052 ‘par'
904 3967 958 4031 vel
980 3968 1119 4032 ‘similis’.
1156 3967 1215 4032 sed
1235 3965 1396 4050 elegantia
1416 3973 1516 4050 atque

115 4069 282 4134 urbanitas
298 4071 490 4155 scriptorum
505 4093 619 4156 prosae
635 4073 787 4136 orationis
802 4072 845 4136 ab
862 4071 956 4136 huius
972 4081 1154 4136 structurae
1165 4093 1227 4135 usu
1239 4070 1420 4153 abhorruit3
1436 4092 1516 4135 nam

115 4183 244 4259 praeter
262 4174 431 4257 Iustinum,
453 4177 478 4242 si
499 4185 610 4261 poetas
626 4176 814 4241 Lucretium
831 4175 1003 4240 Horatium
1018 4175 1173 4241 Ovidium
1193 4178 1372 4261 exceperis,
1394 4198 1433 4239 ea
1448 4195 1517 4240 non

115 4279 279 4343 invenitur
293 4280 355 4343 nisi
371 4281 459 4366 apud
475 4280 624 4345 Plinium.
1350 4264 1352 4267 Ι
