3225 5092
1448 239 1487 300 61

91 425 254 490 maximae
278 445 358 486 csse.
391 445 449 486 cur
469 423 538 487 deis
558 431 700 508 potestas
720 445 787 514 non
807 422 903 487 datur
926 433 1030 488 terras
1053 425 1277 509 relinquendi?
1298 448 1377 511 quas
1397 427 1489 492 sire·

90 529 239 614 linquere
256 529 383 593 omnino
407 537 581 612 nequeunt,
603 527 682 613 quid
698 526 759 592 sibi
775 526 888 593 volunt
908 526 1021 610 verba,
1046 551 1128 614 quae
1150 551 1249 614 supra
1267 529 1432 613 leguntur:
1453 533 1490 594 ‘si

90 656 199 720 neque
215 644 319 700 terras
334 633 517 718 relinquere
533 631 687 697 vellent'?
721 642 754 696 at
771 632 899 698 codices
919 633 1016 698 aliam
1032 632 1188 697 exhibent
1203 635 1410 719 scripturam:
1428 640 1490 721 ‘po-

89 747 243 804 testatem
263 737 555 803 immortalium'.
591 737 678 802 unde
698 759 801 822 aeque
822 737 917 801 facile
937 760 1016 802 sana
1035 738 1175 803 eflicitur
1194 739 1302 825 lectio:
1326 744 1400 804 ‘non
1420 738 1490 805 dari

89 852 286 928 potestate
309 841 600 907 immortalium'.
625 839 787 906 [sananda
809 863 887 905 vero
911 843 1009 906 etiam
1033 865 1072 906 ea
1094 851 1182 926 sunt,
1210 865 1294 928 quae
1321 854 1488 910 secuntur:

89 948 265 1032 ‘configere
286 956 394 1012 autern
419 970 493 1011 cum
513 946 690 1010 sceleribus
715 948 783 1010 eius
805 946 976 1030 indignum
999 947 1132 1011 deorum
1155 949 1343 1032 potestatis!
1379 971 1489 1034 quamv

89 1073 188 1136 quam
200 1055 331 1116 enimin
342 1055 539 1134 universum,
552 1073 635 1136 quae
645 1053 686 1114 sit
697 1051 792 1115 huius
805 1049 867 1114 loci
880 1053 1023 1137 corrupti
1036 1054 1204 1134 sententia,
1217 1051 1357 1117 dubitari
1368 1056 1489 1138 nequit,

87 1165 200 1220 tamen
212 1159 411 1239 coniectura,
424 1179 488 1242 qua
500 1178 572 1220 eam
584 1178 794 1242 recuperasse
803 1155 984 1221 Merkelius
997 1156 1058 1221 sibi
1070 1166 1102 1220 et
1115 1155 1292 1221 editoribus
1304 1157 1487 1241 videbatur,

88 1282 163 1325 cum
187 1283 248 1348 pro
271 1261 454 1347 ‘configere'
475 1264 618 1348 reposuit
639 1261 841 1342 ‘considere',
866 1263 923 1324 vix
943 1261 1113 1345 probanda
1134 1270 1192 1326 est.
1220 1284 1296 1327 nam
1319 1263 1487 1327 considere

86 1368 220 1451 proprio
246 1388 342 1431 sensu
361 1366 391 1430 h.
410 1365 430 1430 l.
448 1365 595 1430 adhiberi
617 1388 682 1429 non
705 1373 821 1450 potest,
845 1387 908 1450 quo
931 1364 972 1428 de
995 1365 1156 1429 manendo
1176 1367 1291 1450 agitur.
1333 1366 1488 1432 translato

86 1481 199 1536 autem
226 1494 323 1536 sensu
345 1471 410 1535 dici
436 1478 542 1556 potest
566 1471 697 1556 quidem
725 1469 903 1535 ‘considere
928 1473 961 1533 in
989 1471 1072 1553 otio',
1104 1493 1168 1535 non
1195 1473 1272 1535 item
1298 1471 1488 1536 considendi

85 1575 230 1640 verbum
247 1576 372 1642 nudum
388 1577 465 1662 poni
482 1574 573 1660 solet,
596 1577 729 1640 minime
748 1597 826 1638 vero
849 1575 970 1639 addere
992 1574 1068 1638 licet
1091 1576 1175 1639 ‘curn
1198 1575 1374 1641 sceleribus
1397 1577 1486 1640 cius'.

86 1689 204 1744 eontra
219 1680 359 1746 adhaec
376 1680 478 1746 verba
495 1682 614 1767 optime
631 1679 779 1765 quadrat,
804 1679 890 1763 quod
913 1681 1089 1744 mutatione
1108 1700 1173 1762 non
1196 1679 1376 1746 difficiliore
1399 1679 1487 1745 facta

84 1786 312 1870 propositmus
329 1807 413 1850 sum:
431 1784 674 1850 ‘convivere'.

190 1891 342 1976 Denique
357 1890 420 1955 hac
432 1891 601 1955 occasione
614 1889 690 1953 data
703 1888 805 1954 verba
818 1887 978 1974 quaedam
989 1911 1021 1973 p.
1035 1888 1087 1971 66,
1101 1888 1141 1952 16
1152 1887 1272 1953 tradita
1282 1889 1361 1953 mihi
1373 1899 1484 1954 contra

84 1993 373 2058 Wilamowitzium
389 1994 511 2059 tuenda
527 2002 612 2076 sunt,
632 1992 714 2060 haec
731 1993 817 2058 dico:
838 1992 934 2078 ‘quod
955 2014 1012 2077 pro
1032 1992 1263 2057 iucundissimo
1278 1995 1422 2080 praemio
1438 2004 1487 2060 est

83 2098 244 2185 adeptus'
276 2099 545 2164 Wilamowitzius
570 2101 657 2163 enim
680 2097 779 2162 scribi
802 2097 918 2162 voluit:
943 2096 1041 2182 ‘quod
1063 2119 1122 2182 pro
1146 2097 1375 2162 iucundissimo
1398 2121 1486 2163 acer·

84 2201 257 2268 bissimum
275 2206 454 2290 praemium
475 2226 502 2268 e.
519 2204 559 2267 a'
590 2202 765 2266 adsensum
784 2212 901 2267 nactus
921 2210 969 2265 est
989 2202 1132 2284 Maassii,
1153 2203 1208 2286 qui
1227 2201 1248 2266 l.
1262 2224 1289 2266 e.
1302 2224 1334 2287 p.
1349 2203 1390 2266 72
1405 2202 1486 2267 haec

83 2307 235 2372 adnotat:
253 2308 339 2393 ‘quia
353 2309 438 2374 infra
454 2308 597 2372 additur:
614 2308 758 2372 meminit
775 2305 847 2370 ‘sibi
861 2327 919 2391 pro
936 2306 1094 2370 beneficio
1111 2308 1244 2371 exitium
1260 2308 1358 2371 fuisse
1373 2332 1393 2373 a
1404 2330 1485 2372 mor-

82 2411 231 2495 talibus',
255 2413 446 2479 incredibile
470 2423 517 2478 est
543 2414 683 2477 Icarium
708 2411 823 2477 libenti
850 2414 955 2475 animo
980 2411 1179 2476 decessisse!
1223 2422 1257 2476 at
1280 2435 1322 2476 ex
1343 2415 1422 2497 ipsis
1445 2414 1484 2477 iis

82 2516 197 2582 verbis
218 2542 238 2582 a
253 2519 392 2582 Maassio
414 2518 539 2599 adlatis,
562 2540 625 2604 quo
645 2517 740 2582 modo
762 2516 863 2582 verba
878 2515 909 2579 h.
923 2515 943 2580 l.
961 2516 1080 2581 tradita
1100 2516 1318 2602 intellegenda
1338 2519 1410 2600 sint,
1431 2518 1484 2582 ad-

81 2630 187 2706 paret.
221 2623 420 2709 ‘praemium'
437 2625 524 2687 enim
540 2632 588 2687 est
605 2622 808 2687 commodum
824 2623 893 2685 sive
908 2619 1110 2704 beneficium,
1127 2643 1190 2707 quo
1201 2622 1324 2687 Icarius
1339 2630 1484 2708 pastores

82 2725 272 2810 adfecerat3
289 2729 381 2792 ouius
396 2751 473 2792 usus
489 2727 641 2793 vocabuli
658 2726 858 2814 ‘praemium’
875 2748 939 2791 non
955 2725 1073 2790 desunt
1088 2725 1278 2812 exempla.¹)

190 2935 243 2999 De
267 2936 401 3022 reliquis
421 2936 543 3020 Nigidii
566 2936 718 3022 operibus
742 2937 784 3001 ad
807 2944 941 3001 naturae
962 2936 1130 3000 scientiam
1152 2935 1386 3020 pertinentibus
1409 2958 1481 3021 per-

81 3061 191 3124 pauca
211 3040 241 3104 h.
255 3041 274 3105 l.
289 3041 440 3123 adiciam,
462 3064 536 3106 oum
556 3064 639 3126 quae
660 3042 712 3105 alii
733 3041 773 3105 de
796 3043 835 3104 iis
858 3048 947 3103 recte
969 3038 1184 3125 protulerunt,
1208 3042 1315 3104 omnia
1336 3049 1483 3126 repetere

82 3145 200 3226 nolim,
220 3167 353 3230 prorsus
373 3169 459 3211 nova
479 3155 587 3211 autem
607 3145 738 3210 adferre
757 3146 901 3210 nondum
921 3148 1041 3230 possim
1063 3154 1160 3229 atque
1180 3129 1312 3229 insuper
1329 3146 1483 3230 temporis

81 3271 217 3333 premar
225 3253 391 3335 angustiis.
412 3251 502 3314 libris
520 3251 575 3315 ‘de
591 3250 745 3336 vento'2)
757 3250 907 3334 Nigidius
917 3259 949 3313 et
957 3250 998 3313 de
1006 3248 1143 3334 physica
1155 3259 1325 3313 ventorum
1336 3249 1483 3314 doctrina

82 3374 260 3438 eorumque
278 3353 459 3418 nominibus
477 3364 509 3418 et
524 3353 775 3440 proprietatibus
792 3363 825 3418 et
839 3354 859 3418 l.
872 3352 969 3438 11113)
986 3351 1027 3416 de
1043 3355 1141 3437 signis
1157 3361 1385 3438 tempestatum
1400 3353 1483 3419 futu-

81 3480 195 3522 rarum
215 3461 290 3543 egit.
327 3461 384 3524 sed
400 3460 643 3549 luculentiorem
665 3461 758 3524 huius
776 3462 881 3546 operis
897 3460 1070 3543 imaginem
1085 3482 1150 3523 non
1169 3461 1234 3524 iam
1250 3482 1420 3545 possumus
1434 3484 1483 3525 re·

81 3584 254 3648 cuperare,
276 3586 351 3627 eum
366 3565 486 3648 exigua
500 3572 627 3629 tantum
643 3566 710 3630 eius
726 3564 863 3631 frustula
885 3563 979 3627 nobis
995 3573 1125 3627 servata
1147 3565 1218 3646 sint,
1240 3562 1357 3649 quibus
1378 3587 1420 3628 ne
1443 3587 1482 3629 ea

82 3667 218 3751 quidem
233 3669 356 3733 addere
372 3669 457 3751 licet,
475 3691 557 3754 quae
573 3668 660 3754 apud
674 3669 860 3754 Ampelium
875 3671 909 3732 in
922 3691 1015 3754 capp.
1028 3668 1105 3731 IHI.
1119 3677 1152 3731 et
1163 3668 1204 3732 V.
1216 3669 1376 3752 leguntur.
1408 3692 1482 3734 curn

83 3775 171 3836 enirn
187 3772 330 3858 Ampelii
353 3783 451 3859 caput
473 3775 604 3838 tertium
619 3774 661 3837 ad
673 3773 840 3858 Nigidium
860 3773 966 3837 redire
989 3794 1087 3857 supra
1102 3774 1339 3856 negaverimus,
1362 3775 1427 3837 iam
1443 3797 1482 3838 eo

83 3880 191 3941 minus
213 3880 427 3963 coniecturae,
452 3902 516 3964 qua
535 3879 616 3943 haec
637 3880 744 3964 capita
766 3878 809 3942 ad
833 3877 923 3941 illum
942 3878 1135 3959 referuntur,
1159 3876 1257 3942 fidem
1280 3876 1480 3961 habebimus,

84 3985 146 4045 nisi
163 3993 253 4048 certa
269 3981 466 4048 adhibentur
481 3993 681 4069 argumenta.
714 3983 771 4046 sed
791 3982 853 4046 hoc
874 3982 945 4046 fieri
963 3983 1085 4067 nequit.
1115 4004 1192 4046 nam
1213 3983 1355 4046 etiamsi
1375 3982 1482 4047 simili-

83 4088 162 4151 tudo
178 4091 263 4152 inter
280 4110 351 4173 cap.
365 4088 405 4152 V.
423 4097 455 4152 et
469 4087 568 4153 Gellii
582 4088 602 4152 l.
615 4088 659 4171 II,
674 4110 700 4151 c.
714 4087 766 4172 22,
784 4109 882 4173 quam
897 4085 1050 4168 nonnulli,
1071 4095 1107 4150 ut
1116 4085 1382 4151 Wachsmutbius
1397 4087 1481 4172 (pro-

83 4190 144 4276 leg.
154 4191 199 4257 ad
208 4193 293 4279 Lyd.
305 4193 346 4257 de
358 4201 416 4257 ost.
430 4216 461 4279 p.
472 4193 587 4281 XXV)
600 4202 633 4257 et
644 4195 771 4279 Freyus
784 4193 905 4278 (progr.
915 4191 1127 4257 Roesseliens.
1136 4216 1165 4256 a.
1175 4190 1480 4275 MDOOOLXVH,

189 4369 210 4434 ¹)
223 4370 263 4421 cf.
273 4371 352 4420 Lucr.
363 4370 413 4433 111,
424 4373 481 4420 956.
497 4369 529 4434 V,
539 4374 563 4421 5.
579 4374 653 4420 1151.
667 4371 721 4421 Cio.
734 4371 813 4420 Tusc.
824 4368 857 4433 V,
868 4370 891 4434 7,
902 4371 942 4419 20.
953 4369 1034 4419 Acad.
1045 4385 1083 4434 pr.
1093 4369 1127 4432 ΙΙ,
1139 4371 1160 4418 1.

192 4457 213 4523 ²)
226 4459 271 4509 Sic
283 4457 392 4506 titulum
406 4457 511 4509 Gellius
528 4459 563 4522 II,
574 4461 616 4524 22,
626 4461 659 4508 30
672 4459 793 4520 exhibet3
812 4457 862 4507 ‘De
878 4457 974 4507 ventis'
987 4456 1116 4523 praebent
1128 4455 1209 4506 schol.
1220 4456 1298 4506 Bern.
1309 4457 1343 4507 ad
1353 4455 1449 4524 Georg.
1458 4459 1479 4522 I,

83 4545 148 4608 4283
160 4545 243 4594 schol.
254 4545 311 4596 cod.
322 4545 398 4595 Leid.
408 4546 441 4596 ad
450 4546 547 4612 Georg.
557 4547 578 4609 1,
588 4547 646 4596 432.

189 4632 212 4697 ³)
224 4631 276 4682 Hic
288 4631 350 4682 libri
363 4648 488 4684 numerus
502 4640 588 4684 exstat
600 4637 628 4683 in
641 4633 734 4684 scholi.
745 4635 823 4684 modo
837 4633 1058 4683 commemoratis.
