3225 5092
72 229 135 295 206

72 423 106 487 in
122 422 239 508 quibus
255 425 290 500 δή
306 424 474 508 quinquies
490 422 522 509 (l
539 422 610 506 114,
626 423 675 488 VI
693 423 765 507 127,
781 422 884 487 VIIII
894 423 962 510 48),
978 424 1152 507 breviores,
1168 426 1201 488 in
1217 424 1335 512 quibus
1351 432 1465 511 quater

73 527 103 613 (Ι
122 527 172 609 13,
188 528 235 591 VI
252 526 308 613 77)
323 527 455 611 legitur,
472 536 571 613 atque
585 530 616 591 in
633 526 650 590 Ι
666 527 730 591 214
745 529 876 613 septies,
893 530 926 593 in
940 528 958 592 I
973 528 1015 593 86
1032 531 1138 593 sexies
1153 531 1319 614 repetitur.

174 632 257 695 Eam
269 631 452 696 ubertatem
462 630 565 695 Attici
573 633 787 716 antiquissimi
798 633 1045 715 restrinxerunt,
1059 653 1256 718 quamquam
1268 634 1366 698 etiam
1376 633 1465 719 apud

72 734 298 820 Thucydidem
313 733 329 797 Ι
347 734 419 817 122,
428 735 459 818 4,
472 734 563 817 vm,
578 736 606 818 1,
618 736 666 800 VI
678 735 730 818 33,
741 736 773 817 4,
786 735 853 800 VH
864 735 916 819 56,
928 737 960 819 4,
973 736 1057 801 VIII
1071 736 1124 819 48,
1140 736 1162 801 5
1175 735 1273 801 binae
1286 735 1465 823 particulae

73 841 106 917 δή
129 838 425 925 deprehenduntur.
456 838 568 903 sedin
591 841 777 904 universum
797 848 830 903 et
849 839 1061 926 Thucydides
1085 843 1189 905 rarius
1209 840 1295 905 hano
1315 839 1466 906 voculam

73 944 202 1009 admisit
214 952 246 1007 et
258 941 406 1027 Gorgias,
419 944 474 1029 qui
489 945 521 1006 in
534 942 660 1007 Helena
675 943 784 1025 semel,
796 944 828 1007 in
845 943 1020 1009 Palamede
1036 946 1153 1031 sexies,
1170 954 1202 1009 et
1216 944 1394 1031 Antiphon,
1411 945 1466 1030 qui

73 1047 247 1112 duodecies
263 1070 302 1113 66
316 1070 394 1111 6666
410 1057 473 1130 est3
490 1046 608 1111 deinde
623 1048 658 1111 in
668 1047 777 1113 libello
791 1048 832 1112 de
844 1071 879 1113 re
893 1048 1024 1135 publica
1034 1048 1284 1115 Atheniensium
1299 1050 1416 1132 sexies,
1431 1051 1466 1113 in

72 1152 269 1218 orationibus
283 1152 461 1217 Andocidis
477 1151 684 1217 duodevicies
697 1156 750 1239 (-l—
765 1150 858 1241 [IIII]
877 1151 931 1235 14)
948 1156 1116 1241 reperitur.

177 1256 243 1321 Sed
251 1257 351 1322 multo
360 1258 489 1342 saepius
497 1266 638 1321 oratores
646 1258 839 1341 posteriores
848 1258 882 1334 δή
891 1256 1118 1342 adhibuerunt,
1132 1258 1221 1324 velut
1228 1256 1466 1324 Demosthenes

74 1370 105 1424 et
116 1361 303 1444 Aeschines,
317 1362 358 1425 cf.
371 1360 411 1426 V.
425 1360 633 1447 Trentepohl,
647 1361 889 1426 observationes
905 1363 939 1426 in
951 1361 1105 1427 Aeschin.
1117 1385 1212 1428 usum
1225 1362 1355 1428 dicendi
1373 1385 1404 1448 p.
1413 1362 1466 1425 41.

73 1466 221 1551 inprimis
244 1474 352 1529 autem
371 1465 454 1529 illius
475 1464 605 1529 dicendi
624 1466 752 1550 generis
772 1467 874 1549 magis
895 1466 1054 1551 vulgaris,
1071 1467 1158 1553 quod
1176 1476 1250 1553 post
1265 1466 1467 1531 Herodotum

73 1571 192 1633 iterum
213 1571 247 1633 in
263 1569 486 1655 Xenophontis
508 1578 540 1632 et
559 1568 703 1634 Platonis
723 1571 851 1654 scriptis
874 1571 1044 1635 manifesto
1067 1570 1216 1658 adparet,
1240 1571 1393 1656 frequens
1413 1568 1466 1635 ille

74 1674 252 1759 particulae
269 1676 303 1751 δή
318 1696 396 1738 usus
411 1673 562 1760 proprius
577 1682 657 1739 erat.

729 1936 809 2000 IIII.

178 2092 231 2157 De
247 2094 293 2156 eis
308 2092 485 2179 particulis,
501 2113 584 2177 quae
601 2114 675 2157 cum
691 2094 724 2169 δή
741 2094 936 2178 compositae
956 2101 1039 2174 sunt,
1056 2091 1167 2177 quales
1182 2100 1256 2157 sunt
1276 2095 1371 2175 δήπου,
1389 2094 1468 2175 δῆτα,

75 2196 286 2281 6616666166
303 2200 387 2277 δῆτα
401 2197 495 2262 nobis
511 2195 726 2282 spectandum
741 2205 800 2278 est,
817 2196 904 2281 6666
924 2218 1024 2261 unum
1042 2196 1086 2261 ad
1101 2195 1285 2282 copulanda
1303 2197 1469 2261 enuntiata

76 2302 303 2368 adhibebatur.
344 2322 554 2387 quamquam,
577 2300 655 2386 quid
683 2322 721 2365 ea
743 2300 904 2385 particula
926 2301 1139 2385 significetur,
1163 2302 1240 2366 satis
1262 2308 1402 2387 constat,
1425 2300 1467 2365 cf.

75 2407 232 2472 Kuehner
244 2411 263 2489 ξ
275 2405 337 2470 561
351 2404 420 2468 IIII
434 2428 467 2491 p.
480 2405 554 2490 686,
575 2404 715 2471 Wetzell
729 2428 761 2492 p.
777 2404 826 2487 17,
847 2426 942 2471 6666
961 2415 1069 2470 tamen
1085 2405 1278 2493 exploravit,
1294 2426 1357 2493 quo
1372 2392 1471 2471 modo'

74 2535 117 2578 ea
130 2513 180 2576 usi
197 2513 260 2577 sint
275 2512 426 2575 orationis
442 2509 565 2575 solutae
581 2512 753 2597 scriptores
768 2510 992 2596 antiquissimi.

179 2602 363 2681 Herodotus
383 2616 481 2700 igitur
500 2624 582 2679 teste
597 2615 794 2679 Hoffmanno
815 2615 870 2696 §4
891 2636 951 2679 sex
970 2615 1049 2680 locis
1073 2617 1143 2694 δῆτα
1167 2604 1309 2700 scripsit,
1333 2635 1468 2701 quornm

77 2729 228 2807 quattuor
243 2742 280 2785 eo
295 2720 438 2803 insignes
454 2728 536 2803 sunt,
553 2720 640 2807 quod
655 2741 832 2804 pronomen
849 2719 1140 2784 demonstrativum
1155 2727 1211 2783 aut
1226 2718 1402 2784 antecedit:
1418 2717 1471 2782 III

77 2825 129 2909 31,
146 2834 280 2889 autnon
295 2824 395 2889 multo
410 2833 484 2909 post
499 2824 657 2909 sequitur:
670 2822 703 2887 ΙΙ
721 2823 793 2908 114,
810 2822 863 2886 IlI
878 2824 908 2907 6,
925 2823 1076 2905 V1114v,
1092 2822 1209 2909 quibus
1224 2822 1303 2887 locis
1319 2824 1388 2901 δῆτα
1399 2831 1472 2909 post

77 2950 191 2993 vocem
210 2930 476 3012 interrogativam
497 2927 689 2992 collocatum
709 2936 767 2991 est.
799 2951 818 2991 a
843 2928 960 3013 quibus
979 2928 1059 2992 locis
1079 2928 1279 3013 aliquantum
1299 2926 1422 2991 distant
1436 2924 1470 2989 ΙΙ

78 3032 129 3115 22,
141 3033 200 3098 651
212 3035 281 3110 δῆτα
291 3032 334 3097 66
342 3032 534 3098 adverbium
545 3032 813 3116 interrogativum
825 3035 881 3105 κῶς
892 3031 1099 3097 referendum
1112 3040 1170 3113 661,
1184 3033 1354 3096 enuntiata
1362 3039 1471 3095 autem

79 3137 304 3201 coniunctione
323 3135 361 3198 ὧν
384 3144 604 3218 conectuntur,
626 3144 658 3199 et
679 3134 818 3213 111169,
840 3137 873 3199 16
893 3136 984 3201 66166
1004 3137 1160 3201 enuntiati
1179 3136 1267 3199 initio
1289 3144 1471 3199 extremum

78 3240 216 3305 verbum
232 3241 389 3303 enuntiati
405 3239 626 3304 antecedentis
642 3241 785 3305 iteratur.

181 3344 393 3429 Thucydides
408 3351 517 3407 autem
532 3342 632 3408 semel
646 3352 772 3407 tantum
788 3346 857 3420 δῆτα
871 3365 948 3408 6666
965 3351 1014 3407 661
1033 3344 1068 3407 16
1084 3345 1226 3407 oratione
1242 3341 1471 3427 Athenagorae

79 3448 290 3535 Syracusani:
306 3446 356 3511 VI
371 3446 423 3531 38,
439 3445 460 3510 5
474 3447 521 3508 καὶ
537 3450 615 3529 δῆτα,
632 3446 719 3532 6666
731 3444 866 3512 Classen
881 3448 1111 3531 interpretatus
1127 3454 1176 3511 est
1186 3446 1253 3510 666
1263 3446 1296 3509 io
1308 3447 1364 3511 der
1380 3447 1471 3510 Iluut.

182 3552 359 3616 Praeterea
376 3550 465 3636 apud
485 3548 611 3614 Atticos
631 3552 828 3636 antiquiores
849 3549 882 3613 hi
900 3548 963 3614 loci
982 3551 1203 3615 inveniuntur:
1221 3548 1298 3615 Ant.
1312 3550 1342 3615 V
1354 3551 1406 3633 63,
1423 3549 1471 3616 VI

81 3656 131 3740 15,
145 3656 230 3721 And.
245 3655 348 3740 1101,
362 3653 561 3739 149,11132,
575 3655 630 3740 661
645 3676 755 3719 omnes
770 3675 923 3739 magnam
937 3656 1021 3718 inter
1037 3676 1071 3718 66
1086 3654 1208 3719 habent
1219 3654 1470 3721 similitudinem.

80 3783 220 3846 namque
235 3759 313 3825 Ant.
327 3758 358 3823 V
374 3760 415 3824 63
430 3767 463 3822 et
470 3758 594 3823 ·And.I
611 3758 672 3823 101
690 3762 719 3822 ob
735 3762 804 3838 δῆτα
820 3760 1008 3843 negativum
1022 3780 1213 3845 responsum
1231 3768 1280 3825 661
1298 3761 1471 3843 interroga-

78 3867 182 3948 tionis,
199 3886 282 3950 quae
294 3865 480 3945 antecessit3
495 3863 571 3927 Ant.
584 3862 633 3927 VI
648 3861 688 3928 15
700 3863 810 3928 verbis
820 3868 849 3925 61
862 3866 931 3942 δῆτα
943 3866 1034 3945 ἔγωγε
1047 3865 1206 3928 666166116
1217 3864 1370 3948 negativa
1381 3884 1471 3947 prae-

79 3992 200 4054 gressa,
213 3968 298 4034 And.
311 3968 328 4032 Ι
342 3967 403 4031 149
415 3968 525 4033 verbis
541 3971 579 4045 μὴ
596 3970 665 4047 δῆτα
678 3968 859 4033 exhortatio
871 3969 1024 4053 negativa
1039 3967 1236 4033 antecedens
1252 3966 1470 4033 confirmatur.

80 4075 169 4139 locus
189 4083 298 4139 autem
318 4073 480 4138 difficilior
495 4071 582 4137 And.
594 4072 647 4136 HI
663 4072 720 4156 32,
736 4074 790 4158 qui
811 4096 831 4137 a
853 4073 963 4138 verbis
986 4077 1024 4151 μὴ
1048 4075 1117 4152 δῆτα
1138 4074 1265 4160 incipit,
1290 4070 1400 4137 similis
1424 4077 1472 4135 661

80 4179 206 4244 illorum
222 4178 310 4264 apud
324 4177 527 4243 Herodotum
541 4177 695 4259 locorum,
711 4177 768 4242 ubi
783 4179 863 4242 item
877 4177 974 4264 paulo
989 4186 1063 4262 post
1078 4180 1148 4256 δῆτα
1162 4177 1280 4263 legitur
1293 4196 1471 4263 pronomen

81 4283 379 4362 demonstrativum,
396 4303 459 4368 quo
474 4281 702 4347 antecedentia
717 4282 950 4366 significantur.

183 4386 266 4451 Cum
277 4388 374 4471 igitur
385 4388 561 4472 antiquitus
572 4409 649 4452 usus
657 4386 836 4472 particulae
848 4390 918 4465 δῆτα
929 4387 1074 4471 angustis
1082 4385 1200 4451 finibus
1208 4385 1472 4471 circumscriptus

82 4499 175 4574 esset,
191 4500 297 4557 aetate
308 4491 469 4573 inferiore,
486 4513 551 4576 qua
565 4493 633 4570 δῆτα
648 4490 748 4556 multo
763 4491 965 4577 frequentius
981 4488 1207 4576 adhibebatur,
1222 4510 1325 4577 aeque
1344 4510 1384 4555 ao
1400 4490 1472 4553 sim·

82 4595 158 4681 plex
173 4596 207 4673 δή
224 4598 321 4659 etiam
335 4598 369 4660 in
381 4617 513 4660 numero
527 4598 788 4661 coniunctionum
799 4597 1060 4662 ¹conclusivarum
1071 4595 1264 4678 habebatur,
1276 4594 1376 4660 veluti
1387 4592 1470 4659 Plat.
