<?xml version="1.0" encoding="UTF-8"?>
<!DOCTYPE html PUBLIC "-//W3C//DTD XHTML 1.0 Transitional//EN"
    "http://www.w3.org/TR/xhtml1/DTD/xhtml1-transitional.dtd">
<html xmlns="http://www.w3.org/1999/xhtml" xml:lang="en" lang="en">
 <head>
  <title>
</title>
<meta http-equiv="Content-Type" content="text/html;charset=utf-8" />
  <meta name='ocr-system' content='tesseract 3.04.00' />
  <meta name='ocr-capabilities' content='ocr_page ocr_carea ocr_par ocr_line ocrx_word'/>
</head>
<body>
  <div class='ocr_page' id='page_1' title='image "./dissertationesp06wiengoog_0086.png"; bbox 0 0 3225 5092; ppageno 0'>
   <div class='ocr_carea' id='block_1_1' title="bbox 1446 24 1604 69">
    <p class='ocr_par' dir='ltr' id='par_1_1' title="bbox 1446 24 1604 69">
     <span class='ocr_line' id='line_1_1' title="bbox 1446 24 1604 69; baseline -0.013 -20"><span class='ocrx_word' id='word_1_1' title='bbox 1446 24 1480 69; x_wconf 50' lang='lat'>²⁴2³,</span> <span class='ocrx_word' id='word_1_2' title='bbox 1603 58 1604 61; x_wconf 11' lang='grc' dir='ltr'><strong>Ἴ</strong></span> 
     </span>
    </p>
   </div>
   <div class='ocr_carea' id='block_1_2' title="bbox 1439 250 1481 314">
    <p class='ocr_par' dir='ltr' id='par_1_2' title="bbox 1439 250 1481 314">
     <span class='ocr_line' id='line_1_2' title="bbox 1439 250 1481 314; baseline 0 0"><span class='ocrx_word' id='word_1_3' title='bbox 1439 250 1481 314; x_wconf 78' lang='lat'>75</span> 
     </span>
    </p>
   </div>
   <div class='ocr_carea' id='block_1_3' title="bbox 75 444 1491 4722">
    <p class='ocr_par' dir='ltr' id='par_1_3' title="bbox 86 440 1604 2500">
     <span class='ocr_line' id='line_1_3' title="bbox 89 444 1482 534; baseline -0.003 -21"><span class='ocrx_word' id='word_1_4' title='bbox 89 449 223 534; x_wconf 89' lang='lat' dir='ltr'>quidem·</span> <span class='ocrx_word' id='word_1_5' title='bbox 247 447 374 512; x_wconf 92' lang='lat' dir='ltr'>firmum</span> <span class='ocrx_word' id='word_1_6' title='bbox 400 447 646 512; x_wconf 78' lang='lat' dir='ltr'>tundamentum</span> <span class='ocrx_word' id='word_1_7' title='bbox 669 445 827 534; x_wconf 84' lang='lat' dir='ltr'>praebere</span> <span class='ocrx_word' id='word_1_8' title='bbox 850 468 914 510; x_wconf 91' lang='lat' dir='ltr'>non</span> <span class='ocrx_word' id='word_1_9' title='bbox 936 447 1045 530; x_wconf 89' lang='lat' dir='ltr'>possit.</span> <span class='ocrx_word' id='word_1_10' title='bbox 1083 444 1161 509; x_wconf 90' lang='lat' dir='ltr'>illud</span> <span class='ocrx_word' id='word_1_11' title='bbox 1185 446 1223 508; x_wconf 80' lang='lat' dir='ltr'>‘c&#39;</span> <span class='ocrx_word' id='word_1_12' title='bbox 1247 454 1368 526; x_wconf 90' lang='lat' dir='ltr'>autem,</span> <span class='ocrx_word' id='word_1_13' title='bbox 1397 444 1482 530; x_wconf 92' lang='lat' dir='ltr'>quod</span> 
     </span>
     <span class='ocr_line' id='line_1_4' title="bbox 88 548 1483 636; baseline -0.004 -19"><span class='ocrx_word' id='word_1_14' title='bbox 88 555 183 617; x_wconf 89' lang='lat' dir='ltr'>huius</span> <span class='ocrx_word' id='word_1_15' title='bbox 203 551 324 617; x_wconf 90' lang='lat' dir='ltr'>codicis</span> <span class='ocrx_word' id='word_1_16' title='bbox 344 574 458 617; x_wconf 87' lang='lat' dir='ltr'>manus</span> <span class='ocrx_word' id='word_1_17' title='bbox 479 555 583 636; x_wconf 89' lang='lat' dir='ltr'>prima</span> <span class='ocrx_word' id='word_1_18' title='bbox 603 551 748 629; x_wconf 77' lang='grc'><strong>6111111161,</strong></span> <span class='ocrx_word' id='word_1_19' title='bbox 773 551 927 615; x_wconf 91' lang='lat' dir='ltr'>alterutro</span> <span class='ocrx_word' id='word_1_20' title='bbox 951 550 1044 615; x_wconf 90' lang='lat' dir='ltr'>modo</span> <span class='ocrx_word' id='word_1_21' title='bbox 1065 551 1216 614; x_wconf 85' lang='lat' dir='ltr'>effectum</span> <span class='ocrx_word' id='word_1_22' title='bbox 1237 571 1307 613; x_wconf 89' lang='lat' dir='ltr'>esse</span> <span class='ocrx_word' id='word_1_23' title='bbox 1326 548 1401 614; x_wconf 91' lang='lat' dir='ltr'>licet</span> <span class='ocrx_word' id='word_1_24' title='bbox 1422 557 1483 612; x_wconf 89' lang='lat' dir='ltr'>sta-</span> 
     </span>
     <span class='ocr_line' id='line_1_5' title="bbox 87 653 1484 741; baseline -0.003 -20"><span class='ocrx_word' id='word_1_25' title='bbox 87 669 193 739; x_wconf 81' lang='lat' dir='ltr'><strong>tuere,</strong></span> <span class='ocrx_word' id='word_1_26' title='bbox 214 665 271 720; x_wconf 88' lang='lat' dir='ltr'>aut</span> <span class='ocrx_word' id='word_1_27' title='bbox 290 679 368 720; x_wconf 88' lang='lat' dir='ltr'>casu</span> <span class='ocrx_word' id='word_1_28' title='bbox 387 665 444 721; x_wconf 89' lang='lat' dir='ltr'>aut</span> <span class='ocrx_word' id='word_1_29' title='bbox 464 657 603 730; x_wconf 81' lang='lat' dir='ltr'>consilio.</span> <span class='ocrx_word' id='word_1_30' title='bbox 636 657 705 720; x_wconf 88' lang='lat' dir='ltr'>ficri</span> <span class='ocrx_word' id='word_1_31' title='bbox 722 659 807 738; x_wconf 90' lang='lat' dir='ltr'>enim</span> <span class='ocrx_word' id='word_1_32' title='bbox 823 665 959 741; x_wconf 86' lang='lat' dir='ltr'>poterat,</span> <span class='ocrx_word' id='word_1_33' title='bbox 978 665 1014 719; x_wconf 93' lang='lat' dir='ltr'>ut</span> <span class='ocrx_word' id='word_1_34' title='bbox 1030 654 1193 719; x_wconf 89' lang='lat' dir='ltr'>scribendi</span> <span class='ocrx_word' id='word_1_35' title='bbox 1212 676 1319 719; x_wconf 87' lang='lat' dir='ltr'>errore</span> <span class='ocrx_word' id='word_1_36' title='bbox 1334 653 1484 718; x_wconf 91' lang='lat' dir='ltr'>librarius</span> 
     </span>
     <span class='ocr_line' id='line_1_6' title="bbox 87 757 1483 848; baseline -0.003 -22"><span class='ocrx_word' id='word_1_37' title='bbox 87 762 221 848; x_wconf 90' lang='lat' dir='ltr'>quidam</span> <span class='ocrx_word' id='word_1_38' title='bbox 237 763 375 846; x_wconf 81' lang='lat' dir='ltr'><strong>primam</strong></span> <span class='ocrx_word' id='word_1_39' title='bbox 385 760 479 825; x_wconf 86' lang='lat' dir='ltr'>verbi</span> <span class='ocrx_word' id='word_1_40' title='bbox 495 761 641 825; x_wconf 82' lang='lat' dir='ltr'>‘cessere’</span> <span class='ocrx_word' id='word_1_41' title='bbox 659 760 800 824; x_wconf 80' lang='lat' dir='ltr'>litteram</span> <span class='ocrx_word' id='word_1_42' title='bbox 818 759 866 825; x_wconf 87' lang='lat' dir='ltr'>bis</span> <span class='ocrx_word' id='word_1_43' title='bbox 883 766 1033 824; x_wconf 88' lang='lat' dir='ltr'>exararet</span> <span class='ocrx_word' id='word_1_44' title='bbox 1047 759 1191 844; x_wconf 83' lang='lat' dir='ltr'>alterque</span> <span class='ocrx_word' id='word_1_45' title='bbox 1207 757 1315 823; x_wconf 85' lang='lat' dir='ltr'>scriba</span> <span class='ocrx_word' id='word_1_46' title='bbox 1329 759 1362 822; x_wconf 92' lang='lat' dir='ltr'>in</span> <span class='ocrx_word' id='word_1_47' title='bbox 1377 759 1483 843; x_wconf 84' lang='lat' dir='ltr'>priore</span> 
     </span>
     <span class='ocr_line' id='line_1_7' title="bbox 88 861 1484 951; baseline -0.002 -21"><span class='ocrx_word' id='word_1_48' title='bbox 88 866 125 930; x_wconf 88' lang='lat' dir='ltr'>‘c&#39;</span> <span class='ocrx_word' id='word_1_49' title='bbox 139 865 371 950; x_wconf 79' lang='lat' dir='ltr'>compendium</span> <span class='ocrx_word' id='word_1_50' title='bbox 384 865 529 951; x_wconf 81' lang='lat' dir='ltr'>syllabae</span> <span class='ocrx_word' id='word_1_51' title='bbox 542 866 622 930; x_wconf 83' lang='lat' dir='ltr'>‘con’</span> <span class='ocrx_word' id='word_1_52' title='bbox 636 867 741 930; x_wconf 89' lang='lat' dir='ltr'>inesse</span> <span class='ocrx_word' id='word_1_53' title='bbox 753 867 947 949; x_wconf 83' lang='lat' dir='ltr'>opinaretur.</span> <span class='ocrx_word' id='word_1_54' title='bbox 973 863 1142 927; x_wconf 88' lang='lat' dir='ltr'>sedetiam</span> <span class='ocrx_word' id='word_1_55' title='bbox 1158 861 1288 927; x_wconf 89' lang='lat' dir='ltr'>consilio</span> <span class='ocrx_word' id='word_1_56' title='bbox 1304 872 1484 928; x_wconf 79' lang='lat' dir='ltr'>structurae</span> 
     </span>
     <span class='ocr_line' id='line_1_8' title="bbox 88 968 1482 1057; baseline -0.003 -23"><span class='ocrx_word' id='word_1_57' title='bbox 88 970 217 1034; x_wconf 81' lang='lat' dir='ltr'>‘cadere</span> <span class='ocrx_word' id='word_1_58' title='bbox 237 969 334 1035; x_wconf 91' lang='lat' dir='ltr'>alicui</span> <span class='ocrx_word' id='word_1_59' title='bbox 354 969 485 1057; x_wconf 88' lang='lat' dir='ltr'>aliquid&#39;</span> <span class='ocrx_word' id='word_1_60' title='bbox 506 979 542 1033; x_wconf 89' lang='lat' dir='ltr'>ut</span> <span class='ocrx_word' id='word_1_61' title='bbox 557 969 754 1034; x_wconf 86' lang='lat' dir='ltr'>insolentiori</span> <span class='ocrx_word' id='word_1_62' title='bbox 770 991 818 1050; x_wconf 91' lang='lat' dir='ltr'>ca,</span> <span class='ocrx_word' id='word_1_63' title='bbox 840 990 921 1055; x_wconf 90' lang='lat' dir='ltr'>quae</span> <span class='ocrx_word' id='word_1_64' title='bbox 943 977 990 1032; x_wconf 90' lang='grc'>661</span> <span class='ocrx_word' id='word_1_65' title='bbox 1005 969 1180 1048; x_wconf 85' lang='lat' dir='ltr'>tritissima,</span> <span class='ocrx_word' id='word_1_66' title='bbox 1201 968 1350 1032; x_wconf 89' lang='lat' dir='ltr'>substitui</span> <span class='ocrx_word' id='word_1_67' title='bbox 1369 969 1482 1053; x_wconf 89' lang='lat' dir='ltr'>potuit.</span> 
     </span>
     <span class='ocr_line' id='line_1_9' title="bbox 88 1071 1484 1164; baseline -0.004 -26"><span class='ocrx_word' id='word_1_68' title='bbox 88 1075 178 1160; x_wconf 92' lang='lat' dir='ltr'>quod</span> <span class='ocrx_word' id='word_1_69' title='bbox 190 1075 217 1138; x_wconf 91' lang='lat' dir='ltr'>si</span> <span class='ocrx_word' id='word_1_70' title='bbox 234 1073 404 1160; x_wconf 90' lang='lat' dir='ltr'>contendo,</span> <span class='ocrx_word' id='word_1_71' title='bbox 421 1096 486 1164; x_wconf 85' lang='lat' dir='ltr'>non</span> <span class='ocrx_word' id='word_1_72' title='bbox 499 1096 571 1137; x_wconf 90' lang='lat' dir='ltr'>eum</span> <span class='ocrx_word' id='word_1_73' title='bbox 585 1074 667 1155; x_wconf 91' lang='lat' dir='ltr'>dico,</span> <span class='ocrx_word' id='word_1_74' title='bbox 685 1075 740 1159; x_wconf 92' lang='lat' dir='ltr'>qui</span> <span class='ocrx_word' id='word_1_75' title='bbox 757 1073 902 1137; x_wconf 86' lang='lat' dir='ltr'>codicem</span> <span class='ocrx_word' id='word_1_76' title='bbox 915 1071 941 1137; x_wconf 82' lang='lat' dir='ltr'>O</span> <span class='ocrx_word' id='word_1_77' title='bbox 954 1074 1092 1158; x_wconf 80' lang='lat' dir='ltr'>scripsit,</span> <span class='ocrx_word' id='word_1_78' title='bbox 1108 1094 1241 1137; x_wconf 92' lang='lat' dir='ltr'>munere</span> <span class='ocrx_word' id='word_1_79' title='bbox 1253 1072 1399 1136; x_wconf 89' lang='lat' dir='ltr'>functum</span> <span class='ocrx_word' id='word_1_80' title='bbox 1415 1093 1484 1136; x_wconf 90' lang='grc'><strong>6666</strong></span> 
     </span>
     <span class='ocr_line' id='line_1_10' title="bbox 87 1176 1479 1264; baseline -0.002 -21"><span class='ocrx_word' id='word_1_81' title='bbox 87 1179 337 1264; x_wconf 81' lang='lat' dir='ltr'>interpolatoris,</span> <span class='ocrx_word' id='word_1_82' title='bbox 359 1178 416 1243; x_wconf 87' lang='lat' dir='ltr'>sed</span> <span class='ocrx_word' id='word_1_83' title='bbox 435 1181 501 1244; x_wconf 90' lang='lat' dir='ltr'>iam</span> <span class='ocrx_word' id='word_1_84' title='bbox 523 1181 555 1241; x_wconf 89' lang='lat' dir='ltr'>in</span> <span class='ocrx_word' id='word_1_85' title='bbox 575 1179 764 1264; x_wconf 87' lang='lat' dir='ltr'>archetypo,</span> <span class='ocrx_word' id='word_1_86' title='bbox 783 1176 913 1242; x_wconf 84' lang='grc'><strong>661160</strong></span> <span class='ocrx_word' id='word_1_87' title='bbox 932 1180 1085 1254; x_wconf 89' lang='lat' dir='ltr'>manavit,</span> <span class='ocrx_word' id='word_1_88' title='bbox 1102 1178 1188 1242; x_wconf 91' lang='lat' dir='ltr'>hanc</span> <span class='ocrx_word' id='word_1_89' title='bbox 1204 1178 1323 1241; x_wconf 87' lang='lat' dir='ltr'>factam</span> <span class='ocrx_word' id='word_1_90' title='bbox 1339 1179 1479 1240; x_wconf 87' lang='grc'><strong>6666116-</strong></span> 
     </span>
     <span class='ocr_line' id='line_1_11' title="bbox 87 1279 1485 1369; baseline -0.004 -21"><span class='ocrx_word' id='word_1_91' title='bbox 87 1285 309 1348; x_wconf 81' lang='lat' dir='ltr'>mutationem.</span> <span class='ocrx_word' id='word_1_92' title='bbox 342 1283 483 1369; x_wconf 91' lang='lat' dir='ltr'>denique</span> <span class='ocrx_word' id='word_1_93' title='bbox 499 1283 653 1348; x_wconf 89' lang='lat' dir='ltr'>Ruehlius</span> <span class='ocrx_word' id='word_1_94' title='bbox 673 1283 715 1347; x_wconf 91' lang='lat' dir='ltr'>ad</span> <span class='ocrx_word' id='word_1_95' title='bbox 735 1305 827 1346; x_wconf 88' lang='lat' dir='ltr'>suam</span> <span class='ocrx_word' id='word_1_96' title='bbox 847 1283 1038 1346; x_wconf 86' lang='lat' dir='ltr'>sententiam</span> <span class='ocrx_word' id='word_1_97' title='bbox 1059 1280 1334 1367; x_wconf 88' lang='lat' dir='ltr'>comprobandam</span> <span class='ocrx_word' id='word_1_98' title='bbox 1350 1279 1485 1344; x_wconf 89' lang='lat' dir='ltr'>similem</span> 
     </span>
     <span class='ocr_line' id='line_1_12' title="bbox 86 1385 1486 1477; baseline -0.005 -24"><span class='ocrx_word' id='word_1_99' title='bbox 86 1390 207 1470; x_wconf 92' lang='lat' dir='ltr'>locum,</span> <span class='ocrx_word' id='word_1_100' title='bbox 225 1389 280 1473; x_wconf 89' lang='lat' dir='ltr'>qui</span> <span class='ocrx_word' id='word_1_101' title='bbox 296 1397 345 1450; x_wconf 91' lang='grc'>661</span> <span class='ocrx_word' id='word_1_102' title='bbox 362 1386 411 1468; x_wconf 81' lang='grc'>15,</span> <span class='ocrx_word' id='word_1_103' title='bbox 425 1387 455 1468; x_wconf 98' lang='grc'>2,</span> <span class='ocrx_word' id='word_1_104' title='bbox 468 1387 498 1469; x_wconf 96' lang='grc'>6,</span> <span class='ocrx_word' id='word_1_105' title='bbox 516 1389 724 1472; x_wconf 89' lang='lat' dir='ltr'>comparavit.</span> <span class='ocrx_word' id='word_1_106' title='bbox 756 1397 789 1450; x_wconf 85' lang='lat' dir='ltr'>at</span> <span class='ocrx_word' id='word_1_107' title='bbox 808 1385 884 1477; x_wconf 85' lang='lat' dir='ltr'>huic</span> <span class='ocrx_word' id='word_1_108' title='bbox 902 1388 951 1450; x_wconf 89' lang='grc'>161</span> <span class='ocrx_word' id='word_1_109' title='bbox 970 1408 1011 1450; x_wconf 88' lang='grc'>66</span> <span class='ocrx_word' id='word_1_110' title='bbox 1034 1387 1168 1451; x_wconf 90' lang='lat' dir='ltr'>nimium</span> <span class='ocrx_word' id='word_1_111' title='bbox 1187 1385 1322 1466; x_wconf 85' lang='grc'><strong>11111666,</strong></span> <span class='ocrx_word' id='word_1_112' title='bbox 1344 1385 1486 1449; x_wconf 85' lang='lat' dir='ltr'>maximo</span> 
     </span>
     <span class='ocr_line' id='line_1_13' title="bbox 87 1489 1485 1576; baseline -0.003 -20"><span class='ocrx_word' id='word_1_113' title='bbox 87 1503 135 1557; x_wconf 89' lang='lat' dir='ltr'>est</span> <span class='ocrx_word' id='word_1_114' title='bbox 153 1491 347 1556; x_wconf 90' lang='lat' dir='ltr'>cavendum.</span> <span class='ocrx_word' id='word_1_115' title='bbox 379 1513 454 1555; x_wconf 90' lang='lat' dir='ltr'>nam</span> <span class='ocrx_word' id='word_1_116' title='bbox 471 1492 628 1555; x_wconf 84' lang='lat' dir='ltr'>Iustinum</span> <span class='ocrx_word' id='word_1_117' title='bbox 642 1514 708 1555; x_wconf 91' lang='lat' dir='ltr'>una</span> <span class='ocrx_word' id='word_1_118' title='bbox 723 1491 902 1576; x_wconf 90' lang='lat' dir='ltr'>eademque</span> <span class='ocrx_word' id='word_1_119' title='bbox 918 1513 982 1554; x_wconf 89' lang='lat' dir='ltr'>non</span> <span class='ocrx_word' id='word_1_120' title='bbox 998 1489 1118 1575; x_wconf 89' lang='lat' dir='ltr'>ubique</span> <span class='ocrx_word' id='word_1_121' title='bbox 1134 1491 1180 1554; x_wconf 91' lang='grc'>611</span> <span class='ocrx_word' id='word_1_122' title='bbox 1196 1489 1367 1574; x_wconf 87' lang='grc'><strong>100611666,</strong></span> <span class='ocrx_word' id='word_1_123' title='bbox 1388 1490 1485 1553; x_wconf 88' lang='grc'><strong>161610</strong></span> 
     </span>
     <span class='ocr_line' id='line_1_14' title="bbox 88 1588 1484 1682; baseline -0.002 -22"><span class='ocrx_word' id='word_1_124' title='bbox 88 1595 263 1682; x_wconf 89' lang='lat' dir='ltr'>eloquendi</span> <span class='ocrx_word' id='word_1_125' title='bbox 279 1596 420 1681; x_wconf 90' lang='lat' dir='ltr'>quadam</span> <span class='ocrx_word' id='word_1_126' title='bbox 435 1597 592 1661; x_wconf 86' lang='lat' dir='ltr'>varietate</span> <span class='ocrx_word' id='word_1_127' title='bbox 606 1597 702 1661; x_wconf 88' lang='lat' dir='ltr'>valde</span> <span class='ocrx_word' id='word_1_128' title='bbox 719 1596 873 1661; x_wconf 90' lang='lat' dir='ltr'>delectari</span> <span class='ocrx_word' id='word_1_129' title='bbox 894 1588 1069 1660; x_wconf 87' lang='lat' dir='ltr'>innumeris</span> <span class='ocrx_word' id='word_1_130' title='bbox 1085 1617 1188 1681; x_wconf 87' lang='lat' dir='ltr'>paene</span> <span class='ocrx_word' id='word_1_131' title='bbox 1203 1596 1281 1660; x_wconf 89' lang='lat' dir='ltr'>locis</span> <span class='ocrx_word' id='word_1_132' title='bbox 1302 1594 1484 1659; x_wconf 81' lang='lat' dir='ltr'>edocemur.</span> 
     </span>
     <span class='ocr_line' id='line_1_15' title="bbox 88 1699 1485 1787; baseline -0.003 -22"><span class='ocrx_word' id='word_1_133' title='bbox 88 1726 136 1781; x_wconf 88' lang='lat' dir='ltr'>ac,</span> <span class='ocrx_word' id='word_1_134' title='bbox 154 1723 198 1765; x_wconf 91' lang='grc'>66</span> <span class='ocrx_word' id='word_1_135' title='bbox 214 1699 391 1787; x_wconf 85' lang='lat' dir='ltr'>longinqua</span> <span class='ocrx_word' id='word_1_136' title='bbox 408 1711 522 1784; x_wconf 90' lang='grc'><strong>660161,</strong></span> <span class='ocrx_word' id='word_1_137' title='bbox 538 1701 600 1765; x_wconf 90' lang='lat' dir='ltr'>hoc</span> <span class='ocrx_word' id='word_1_138' title='bbox 616 1702 724 1787; x_wconf 91' lang='lat' dir='ltr'>ipsum</span> <span class='ocrx_word' id='word_1_139' title='bbox 738 1701 885 1785; x_wconf 88' lang='lat' dir='ltr'>verbum,</span> <span class='ocrx_word' id='word_1_140' title='bbox 906 1701 947 1764; x_wconf 85' lang='lat' dir='ltr'>dc</span> <span class='ocrx_word' id='word_1_141' title='bbox 963 1723 1026 1786; x_wconf 91' lang='lat' dir='ltr'>quo</span> <span class='ocrx_word' id='word_1_142' title='bbox 1043 1701 1234 1786; x_wconf 88' lang='lat' dir='ltr'>disputatur,</span> <span class='ocrx_word' id='word_1_143' title='bbox 1251 1699 1363 1763; x_wconf 85' lang='lat' dir='ltr'>adfero</span> <span class='ocrx_word' id='word_1_144' title='bbox 1379 1721 1485 1761; x_wconf 82' lang='lat' dir='ltr'>exem-</span> 
     </span>
     <span class='ocr_line' id='line_1_16' title="bbox 87 1805 1487 1891; baseline -0.004 -20"><span class='ocrx_word' id='word_1_145' title='bbox 87 1806 190 1891; x_wconf 92' lang='lat' dir='ltr'>plum.</span> <span class='ocrx_word' id='word_1_146' title='bbox 223 1807 313 1870; x_wconf 87' lang='lat' dir='ltr'>varie</span> <span class='ocrx_word' id='word_1_147' title='bbox 328 1806 363 1870; x_wconf 93' lang='lat' dir='ltr'>id</span> <span class='ocrx_word' id='word_1_148' title='bbox 380 1829 453 1872; x_wconf 89' lang='lat' dir='ltr'>cum</span> <span class='ocrx_word' id='word_1_149' title='bbox 469 1805 583 1871; x_wconf 89' lang='lat' dir='ltr'>eodem</span> <span class='ocrx_word' id='word_1_150' title='bbox 604 1806 806 1871; x_wconf 83' lang='lat' dir='ltr'>substantivo</span> <span class='ocrx_word' id='word_1_151' title='bbox 827 1808 1031 1890; x_wconf 83' lang='lat' dir='ltr'>coniungitur</span> <span class='ocrx_word' id='word_1_152' title='bbox 1051 1828 1147 1869; x_wconf 89' lang='lat' dir='ltr'>sensu</span> <span class='ocrx_word' id='word_1_153' title='bbox 1166 1827 1230 1869; x_wconf 90' lang='lat' dir='ltr'>non</span> <span class='ocrx_word' id='word_1_154' title='bbox 1250 1814 1380 1869; x_wconf 89' lang='lat' dir='ltr'>mutato.</span> <span class='ocrx_word' id='word_1_155' title='bbox 1412 1826 1487 1868; x_wconf 92' lang='lat' dir='ltr'>cum</span> 
     </span>
     <span class='ocr_line' id='line_1_17' title="bbox 87 1908 1485 1996; baseline -0.004 -21"><span class='ocrx_word' id='word_1_156' title='bbox 87 1911 176 1975; x_wconf 91' lang='lat' dir='ltr'>enim</span> <span class='ocrx_word' id='word_1_157' title='bbox 194 1909 245 1992; x_wconf 87' lang='lat'>10,</span> <span class='ocrx_word' id='word_1_158' title='bbox 258 1910 288 1994; x_wconf 93' lang='grc'>2,</span> <span class='ocrx_word' id='word_1_159' title='bbox 302 1910 321 1973; x_wconf 89' lang='grc'>3</span> <span class='ocrx_word' id='word_1_160' title='bbox 338 1912 466 1975; x_wconf 83' lang='lat' dir='ltr'>‘cedere</span> <span class='ocrx_word' id='word_1_161' title='bbox 481 1913 626 1995; x_wconf 82' lang='lat' dir='ltr'>reguum&#39;</span> <span class='ocrx_word' id='word_1_162' title='bbox 644 1911 804 1976; x_wconf 88' lang='lat' dir='ltr'>Iustinum</span> <span class='ocrx_word' id='word_1_163' title='bbox 821 1911 941 1975; x_wconf 84' lang='lat' dir='ltr'>dixisse</span> <span class='ocrx_word' id='word_1_164' title='bbox 957 1911 1142 1996; x_wconf 80' lang='lat' dir='ltr'>viderimus,</span> <span class='ocrx_word' id='word_1_165' title='bbox 1163 1909 1215 1990; x_wconf 88' lang='grc'><strong>20,</strong></span> <span class='ocrx_word' id='word_1_166' title='bbox 1227 1910 1290 1992; x_wconf 93' lang='grc'>2,6</span> <span class='ocrx_word' id='word_1_167' title='bbox 1307 1908 1435 1972; x_wconf 84' lang='lat' dir='ltr'>‘cedere</span> <span class='ocrx_word' id='word_1_168' title='bbox 1451 1929 1485 1970; x_wconf 92' lang='grc'>66</span> 
     </span>
     <span class='ocr_line' id='line_1_18' title="bbox 88 2002 1486 2100; baseline -0.001 -23"><span class='ocrx_word' id='word_1_169' title='bbox 88 2015 131 2078; x_wconf 88' lang='grc'><strong>1111</strong></span> <span class='ocrx_word' id='word_1_170' title='bbox 147 2015 262 2098; x_wconf 86' lang='lat' dir='ltr'>regno&#39;</span> <span class='ocrx_word' id='word_1_171' title='bbox 279 2015 426 2098; x_wconf 83' lang='lat' dir='ltr'>legimus.</span> <span class='ocrx_word' id='word_1_172' title='bbox 458 2018 555 2081; x_wconf 87' lang='lat' dir='ltr'>etiam</span> <span class='ocrx_word' id='word_1_173' title='bbox 571 2016 622 2098; x_wconf 86' lang='lat'>31,</span> <span class='ocrx_word' id='word_1_174' title='bbox 634 2016 697 2100; x_wconf 78' lang='lat' dir='ltr'>b,l</span> <span class='ocrx_word' id='word_1_175' title='bbox 715 2015 889 2100; x_wconf 81' lang='grc'><strong>6131,1,8</strong></span> <span class='ocrx_word' id='word_1_176' title='bbox 906 2015 967 2080; x_wconf 93' lang='lat' dir='ltr'>hoc</span> <span class='ocrx_word' id='word_1_177' title='bbox 983 2002 1252 2078; x_wconf 70' lang='grc'><strong>16166166111111</strong></span> <span class='ocrx_word' id='word_1_178' title='bbox 1267 2013 1397 2078; x_wconf 90' lang='lat' dir='ltr'>dicendi</span> <span class='ocrx_word' id='word_1_179' title='bbox 1413 2034 1486 2076; x_wconf 93' lang='lat' dir='ltr'>con-</span> 
     </span>
     <span class='ocr_line' id='line_1_19' title="bbox 89 2115 1486 2206; baseline -0.002 -24"><span class='ocrx_word' id='word_1_180' title='bbox 89 2119 262 2184; x_wconf 87' lang='lat' dir='ltr'>suetudine</span> <span class='ocrx_word' id='word_1_181' title='bbox 286 2140 361 2183; x_wconf 91' lang='lat' dir='ltr'>cum</span> <span class='ocrx_word' id='word_1_182' title='bbox 382 2118 524 2184; x_wconf 90' lang='lat' dir='ltr'>ablativo</span> <span class='ocrx_word' id='word_1_183' title='bbox 548 2120 761 2204; x_wconf 83' lang='lat' dir='ltr'>coniungitur.</span> <span class='ocrx_word' id='word_1_184' title='bbox 797 2142 892 2206; x_wconf 88' lang='lat' dir='ltr'>porro</span> <span class='ocrx_word' id='word_1_185' title='bbox 915 2119 1062 2184; x_wconf 87' lang='lat' dir='ltr'>conferas</span> <span class='ocrx_word' id='word_1_186' title='bbox 1083 2119 1112 2200; x_wconf 88' lang='grc'>6,</span> <span class='ocrx_word' id='word_1_187' title='bbox 1131 2118 1160 2201; x_wconf 93' lang='grc'>8,</span> <span class='ocrx_word' id='word_1_188' title='bbox 1178 2118 1197 2182; x_wconf 88' lang='grc'>6</span> <span class='ocrx_word' id='word_1_189' title='bbox 1219 2119 1385 2203; x_wconf 83' lang='lat' dir='ltr'>‘pecuniae</span> <span class='ocrx_word' id='word_1_190' title='bbox 1405 2115 1486 2180; x_wconf 86' lang='lat' dir='ltr'>adeo</span> 
     </span>
     <span class='ocr_line' id='line_1_20' title="bbox 89 2222 1487 2309; baseline -0.004 -20"><span class='ocrx_word' id='word_1_191' title='bbox 89 2246 209 2309; x_wconf 86' lang='lat' dir='ltr'>parcus</span> <span class='ocrx_word' id='word_1_192' title='bbox 225 2223 295 2287; x_wconf 88' lang='lat' dir='ltr'>fuit’</span> <span class='ocrx_word' id='word_1_193' title='bbox 318 2243 392 2287; x_wconf 92' lang='lat' dir='ltr'>cum</span> <span class='ocrx_word' id='word_1_194' title='bbox 407 2224 459 2308; x_wconf 87' lang='lat'>41,</span> <span class='ocrx_word' id='word_1_195' title='bbox 472 2224 502 2306; x_wconf 88' lang='grc'>3,</span> <span class='ocrx_word' id='word_1_196' title='bbox 517 2223 557 2288; x_wconf 91' lang='grc'>10</span> <span class='ocrx_word' id='word_1_197' title='bbox 573 2226 616 2288; x_wconf 85' lang='lat' dir='ltr'>‘in</span> <span class='ocrx_word' id='word_1_198' title='bbox 636 2223 744 2288; x_wconf 90' lang='lat' dir='ltr'>cibum</span> <span class='ocrx_word' id='word_1_199' title='bbox 763 2224 863 2309; x_wconf 86' lang='lat' dir='ltr'>parci&#39;</span> <span class='ocrx_word' id='word_1_200' title='bbox 885 2223 1012 2309; x_wconf 89' lang='lat' dir='ltr'>aliaque</span> <span class='ocrx_word' id='word_1_201' title='bbox 1033 2225 1101 2287; x_wconf 89' lang='grc'><strong>6166</strong></span> <span class='ocrx_word' id='word_1_202' title='bbox 1121 2223 1269 2288; x_wconf 88' lang='lat' dir='ltr'>variandi</span> <span class='ocrx_word' id='word_1_203' title='bbox 1289 2222 1385 2286; x_wconf 91' lang='lat' dir='ltr'>studii</span> <span class='ocrx_word' id='word_1_204' title='bbox 1405 2242 1487 2305; x_wconf 88' lang='lat' dir='ltr'>quae</span> 
     </span>
     <span class='ocr_line' id='line_1_21' title="bbox 89 2318 1487 2415; baseline -0.004 -21"><span class='ocrx_word' id='word_1_205' title='bbox 89 2339 204 2415; x_wconf 85' lang='lat' dir='ltr'>postca</span> <span class='ocrx_word' id='word_1_206' title='bbox 220 2328 365 2393; x_wconf 87' lang='lat' dir='ltr'>adferam</span> <span class='ocrx_word' id='word_1_207' title='bbox 382 2329 542 2414; x_wconf 83' lang='lat' dir='ltr'>exempla.</span> <span class='ocrx_word' id='word_1_208' title='bbox 574 2351 656 2415; x_wconf 89' lang='lat' dir='ltr'>quac</span> <span class='ocrx_word' id='word_1_209' title='bbox 671 2318 744 2393; x_wconf 86' lang='lat' dir='ltr'>cum</span> <span class='ocrx_word' id='word_1_210' title='bbox 759 2330 804 2393; x_wconf 89' lang='lat' dir='ltr'>ita</span> <span class='ocrx_word' id='word_1_211' title='bbox 820 2331 892 2411; x_wconf 90' lang='lat' dir='ltr'>sint,</span> <span class='ocrx_word' id='word_1_212' title='bbox 914 2330 1107 2413; x_wconf 87' lang='lat' dir='ltr'>scripturam</span> <span class='ocrx_word' id='word_1_213' title='bbox 1122 2327 1308 2392; x_wconf 85' lang='lat' dir='ltr'>‘cesserunt&#39;</span> <span class='ocrx_word' id='word_1_214' title='bbox 1325 2327 1487 2413; x_wconf 86' lang='lat' dir='ltr'>praeferre</span> 
     </span>
     <span class='ocr_line' id='line_1_22' title="bbox 89 2433 295 2500; baseline -0.019 0"><span class='ocrx_word' id='word_1_215' title='bbox 89 2459 152 2500; x_wconf 92' lang='lat' dir='ltr'>non</span> <span class='ocrx_word' id='word_1_216' title='bbox 170 2433 295 2498; x_wconf 90' lang='lat' dir='ltr'>dubito.</span> 
     </span>
    </p>

    <p class='ocr_par' dir='ltr' id='par_1_4' title="bbox 75 2535 1491 4722">
     <span class='ocr_line' id='line_1_23' title="bbox 194 2535 1487 2626; baseline -0.002 -24"><span class='ocrx_word' id='word_1_217' title='bbox 194 2539 415 2604; x_wconf 87' lang='lat' dir='ltr'>Praetermitti</span> <span class='ocrx_word' id='word_1_218' title='bbox 425 2539 462 2626; x_wconf 24' lang='lat' dir='ltr'>,in</span> <span class='ocrx_word' id='word_1_219' title='bbox 478 2538 539 2602; x_wconf 92' lang='lat' dir='ltr'>hoc</span> <span class='ocrx_word' id='word_1_220' title='bbox 555 2540 660 2624; x_wconf 90' lang='lat' dir='ltr'>capite</span> <span class='ocrx_word' id='word_1_221' title='bbox 676 2560 740 2601; x_wconf 90' lang='lat' dir='ltr'>non</span> <span class='ocrx_word' id='word_1_222' title='bbox 756 2537 855 2603; x_wconf 87' lang='lat' dir='ltr'>debet</span> <span class='ocrx_word' id='word_1_223' title='bbox 866 2546 943 2603; x_wconf 84' lang='lat' dir='ltr'>usus</span> <span class='ocrx_word' id='word_1_224' title='bbox 956 2539 1144 2603; x_wconf 83' lang='lat' dir='ltr'>transitivus</span> <span class='ocrx_word' id='word_1_225' title='bbox 1156 2539 1293 2602; x_wconf 90' lang='lat' dir='ltr'>duorum</span> <span class='ocrx_word' id='word_1_226' title='bbox 1305 2535 1487 2620; x_wconf 86' lang='lat' dir='ltr'>verborum,</span> 
     </span>
     <span class='ocr_line' id='line_1_24' title="bbox 89 2641 1488 2730; baseline -0.004 -22"><span class='ocrx_word' id='word_1_227' title='bbox 89 2643 211 2730; x_wconf 91' lang='lat' dir='ltr'>quibus</span> <span class='ocrx_word' id='word_1_228' title='bbox 234 2641 409 2706; x_wconf 91' lang='lat' dir='ltr'>inchoandi</span> <span class='ocrx_word' id='word_1_229' title='bbox 434 2643 521 2707; x_wconf 89' lang='lat' dir='ltr'>notio</span> <span class='ocrx_word' id='word_1_230' title='bbox 548 2642 743 2707; x_wconf 89' lang='lat' dir='ltr'>continetur:</span> <span class='ocrx_word' id='word_1_231' title='bbox 771 2645 883 2730; x_wconf 90' lang='lat' dir='ltr'>coepi</span> <span class='ocrx_word' id='word_1_232' title='bbox 909 2652 940 2706; x_wconf 88' lang='grc'>61</span> <span class='ocrx_word' id='word_1_233' title='bbox 966 2644 1171 2729; x_wconf 89' lang='lat' dir='ltr'>auspicari.</span> <span class='ocrx_word' id='word_1_234' title='bbox 1210 2665 1282 2706; x_wconf 88' lang='lat' dir='ltr'>raro</span> <span class='ocrx_word' id='word_1_235' title='bbox 1304 2650 1430 2705; x_wconf 90' lang='lat' dir='ltr'>tantum</span> <span class='ocrx_word' id='word_1_236' title='bbox 1455 2643 1488 2704; x_wconf 92' lang='lat' dir='ltr'>in</span> 
     </span>
     <span class='ocr_line' id='line_1_25' title="bbox 87 2745 1487 2835; baseline -0.003 -22"><span class='ocrx_word' id='word_1_237' title='bbox 87 2749 237 2835; x_wconf 87' lang='lat' dir='ltr'>pedestri</span> <span class='ocrx_word' id='word_1_238' title='bbox 256 2749 399 2814; x_wconf 87' lang='lat' dir='ltr'>oratione</span> <span class='ocrx_word' id='word_1_239' title='bbox 419 2749 563 2811; x_wconf 89' lang='lat' dir='ltr'>activum</span> <span class='ocrx_word' id='word_1_240' title='bbox 583 2748 676 2812; x_wconf 90' lang='lat' dir='ltr'>verbi</span> <span class='ocrx_word' id='word_1_241' title='bbox 692 2749 814 2834; x_wconf 83' lang='lat' dir='ltr'>‘coepi’,</span> <span class='ocrx_word' id='word_1_242' title='bbox 837 2748 923 2833; x_wconf 90' lang='lat' dir='ltr'>quod</span> <span class='ocrx_word' id='word_1_243' title='bbox 943 2748 1030 2833; x_wconf 90' lang='lat' dir='ltr'>apud</span> <span class='ocrx_word' id='word_1_244' title='bbox 1046 2748 1203 2812; x_wconf 85' lang='lat' dir='ltr'>Iustinum</span> <span class='ocrx_word' id='word_1_245' title='bbox 1222 2746 1340 2830; x_wconf 86' lang='lat' dir='ltr'>legitur</span> <span class='ocrx_word' id='word_1_246' title='bbox 1360 2745 1487 2831; x_wconf 89' lang='grc'><strong>24,1,3</strong></span> 
     </span>
     <span class='ocr_line' id='line_1_26' title="bbox 89 2850 1488 2938; baseline -0.003 -21"><span class='ocrx_word' id='word_1_247' title='bbox 89 2855 139 2917; x_wconf 84' lang='lat' dir='ltr'>‘nc</span> <span class='ocrx_word' id='word_1_248' title='bbox 167 2874 246 2916; x_wconf 88' lang='lat' dir='ltr'>cum</span> <span class='ocrx_word' id='word_1_249' title='bbox 266 2852 443 2936; x_wconf 81' lang='lat' dir='ltr'>Antigono,</span> <span class='ocrx_word' id='word_1_250' title='bbox 468 2852 528 2917; x_wconf 88' lang='lat' dir='ltr'>sub</span> <span class='ocrx_word' id='word_1_251' title='bbox 552 2855 642 2917; x_wconf 90' lang='lat' dir='ltr'>cuius</span> <span class='ocrx_word' id='word_1_252' title='bbox 665 2875 765 2937; x_wconf 79' lang='lat' dir='ltr'>regno</span> <span class='ocrx_word' id='word_1_253' title='bbox 788 2861 890 2935; x_wconf 90' lang='grc'><strong>61661,</strong></span> <span class='ocrx_word' id='word_1_254' title='bbox 915 2851 1035 2916; x_wconf 91' lang='lat' dir='ltr'>bellum</span> <span class='ocrx_word' id='word_1_255' title='bbox 1057 2854 1201 2938; x_wconf 89' lang='lat' dir='ltr'>coepisse</span> <span class='ocrx_word' id='word_1_256' title='bbox 1224 2850 1432 2935; x_wconf 86' lang='lat' dir='ltr'>viderentur&#39;,</span> <span class='ocrx_word' id='word_1_257' title='bbox 1456 2860 1488 2913; x_wconf 93' lang='grc'>61</span> 
     </span>
     <span class='ocr_line' id='line_1_27' title="bbox 88 2954 1488 3044; baseline -0.004 -22"><span class='ocrx_word' id='word_1_258' title='bbox 88 2957 187 3043; x_wconf 82' lang='grc'><strong>27,1,</strong></span> <span class='ocrx_word' id='word_1_259' title='bbox 203 2957 219 3019; x_wconf 94' lang='grc'>1</span> <span class='ocrx_word' id='word_1_260' title='bbox 238 2959 392 3042; x_wconf 82' lang='lat' dir='ltr'>‘auspicia</span> <span class='ocrx_word' id='word_1_261' title='bbox 407 2959 499 3041; x_wconf 85' lang='lat' dir='ltr'>regni</span> <span class='ocrx_word' id='word_1_262' title='bbox 514 2957 716 3042; x_wconf 89' lang='lat' dir='ltr'>aparricidio</span> <span class='ocrx_word' id='word_1_263' title='bbox 733 2958 846 3043; x_wconf 87' lang='lat' dir='ltr'>coepit&#39;</span> <span class='ocrx_word' id='word_1_264' title='bbox 868 2977 942 3020; x_wconf 93' lang='lat' dir='ltr'>cum</span> <span class='ocrx_word' id='word_1_265' title='bbox 963 2957 1149 3020; x_wconf 89' lang='lat' dir='ltr'>accusativo</span> <span class='ocrx_word' id='word_1_266' title='bbox 1168 2957 1306 3044; x_wconf 88' lang='lat' dir='ltr'>ponitur.</span> <span class='ocrx_word' id='word_1_267' title='bbox 1338 2965 1370 3018; x_wconf 92' lang='grc'>61</span> <span class='ocrx_word' id='word_1_268' title='bbox 1390 2957 1416 3017; x_wconf 87' lang='grc'>61</span> <span class='ocrx_word' id='word_1_269' title='bbox 1427 2954 1488 3044; x_wconf 88' lang='grc'><strong>1116</strong></span> 
     </span>
     <span class='ocr_line' id='line_1_28' title="bbox 88 3058 1488 3145; baseline -0.003 -19"><span class='ocrx_word' id='word_1_270' title='bbox 88 3061 153 3126; x_wconf 91' lang='grc'><strong>11110</strong></span> <span class='ocrx_word' id='word_1_271' title='bbox 174 3064 210 3125; x_wconf 88' lang='grc'>16</span> <span class='ocrx_word' id='word_1_272' title='bbox 230 3061 316 3125; x_wconf 88' lang='grc'><strong>11660</strong></span> <span class='ocrx_word' id='word_1_273' title='bbox 336 3071 530 3127; x_wconf 87' lang='lat' dir='ltr'>structuram</span> <span class='ocrx_word' id='word_1_274' title='bbox 549 3064 752 3145; x_wconf 88' lang='lat' dir='ltr'>incurrimus,</span> <span class='ocrx_word' id='word_1_275' title='bbox 774 3062 875 3126; x_wconf 88' lang='lat' dir='ltr'>veluti</span> <span class='ocrx_word' id='word_1_276' title='bbox 895 3061 962 3126; x_wconf 86' lang='grc'><strong>010.</strong></span> <span class='ocrx_word' id='word_1_277' title='bbox 976 3060 1052 3125; x_wconf 82' lang='lat' dir='ltr'>Sex.</span> <span class='ocrx_word' id='word_1_278' title='bbox 1065 3061 1160 3124; x_wconf 81' lang='lat' dir='ltr'>Rosc.</span> <span class='ocrx_word' id='word_1_279' title='bbox 1176 3061 1226 3142; x_wconf 85' lang='grc'>19,</span> <span class='ocrx_word' id='word_1_280' title='bbox 1238 3059 1281 3124; x_wconf 79' lang='grc'>52</span> <span class='ocrx_word' id='word_1_281' title='bbox 1297 3058 1385 3123; x_wconf 82' lang='lat' dir='ltr'>‘illud</span> <span class='ocrx_word' id='word_1_282' title='bbox 1401 3058 1488 3145; x_wconf 93' lang='lat' dir='ltr'>quod</span> 
     </span>
     <span class='ocr_line' id='line_1_29' title="bbox 90 3164 1487 3252; baseline -0.003 -22"><span class='ocrx_word' id='word_1_283' title='bbox 90 3168 259 3252; x_wconf 85' lang='lat' dir='ltr'>coepimus</span> <span class='ocrx_word' id='word_1_284' title='bbox 279 3166 469 3246; x_wconf 88' lang='lat' dir='ltr'>videamus&#39;,</span> <span class='ocrx_word' id='word_1_285' title='bbox 483 3168 718 3239; x_wconf 87' lang='lat' dir='ltr'>accusativum</span> <span class='ocrx_word' id='word_1_286' title='bbox 737 3169 925 3252; x_wconf 88' lang='lat' dir='ltr'>pronomine</span> <span class='ocrx_word' id='word_1_287' title='bbox 945 3166 1073 3251; x_wconf 87' lang='lat' dir='ltr'>generis</span> <span class='ocrx_word' id='word_1_288' title='bbox 1094 3167 1199 3230; x_wconf 88' lang='lat' dir='ltr'>neutri</span> <span class='ocrx_word' id='word_1_289' title='bbox 1223 3164 1309 3228; x_wconf 88' lang='lat' dir='ltr'>effici</span> <span class='ocrx_word' id='word_1_290' title='bbox 1329 3164 1487 3228; x_wconf 86' lang='lat' dir='ltr'>videmus.</span> 
     </span>
     <span class='ocr_line' id='line_1_30' title="bbox 75 3260 1489 3358; baseline -0.002 -24"><span class='ocrx_word' id='word_1_291' title='bbox 75 3260 288 3356; x_wconf 56' lang='lat' dir='ltr'>‘scriptorum</span> <span class='ocrx_word' id='word_1_292' title='bbox 300 3280 418 3348; x_wconf 89' lang='lat' dir='ltr'>autem,</span> <span class='ocrx_word' id='word_1_293' title='bbox 436 3274 491 3358; x_wconf 92' lang='lat' dir='ltr'>qui</span> <span class='ocrx_word' id='word_1_294' title='bbox 503 3272 579 3337; x_wconf 89' lang='lat' dir='ltr'>huic</span> <span class='ocrx_word' id='word_1_295' title='bbox 590 3271 691 3336; x_wconf 91' lang='lat' dir='ltr'>verbo</span> <span class='ocrx_word' id='word_1_296' title='bbox 703 3275 926 3337; x_wconf 86' lang='lat' dir='ltr'>accusativum</span> <span class='ocrx_word' id='word_1_297' title='bbox 939 3271 1133 3336; x_wconf 85' lang='lat' dir='ltr'>substantivi</span> <span class='ocrx_word' id='word_1_298' title='bbox 1145 3270 1349 3351; x_wconf 89' lang='lat' dir='ltr'>addiderunt,</span> <span class='ocrx_word' id='word_1_299' title='bbox 1366 3269 1489 3354; x_wconf 86' lang='lat' dir='ltr'>primus</span> 
     </span>
     <span class='ocr_line' id='line_1_31' title="bbox 90 3364 1488 3461; baseline -0.002 -21"><span class='ocrx_word' id='word_1_300' title='bbox 90 3375 264 3440; x_wconf 86' lang='lat' dir='ltr'>Sallustius</span> <span class='ocrx_word' id='word_1_301' title='bbox 275 3377 490 3440; x_wconf 89' lang='lat' dir='ltr'>nominandus</span> <span class='ocrx_word' id='word_1_302' title='bbox 502 3364 559 3459; x_wconf 89' lang='grc'><strong>661,</strong></span> <span class='ocrx_word' id='word_1_303' title='bbox 578 3379 617 3442; x_wconf 89' lang='lat' dir='ltr'>cf.</span> <span class='ocrx_word' id='word_1_304' title='bbox 628 3377 711 3442; x_wconf 90' lang='lat' dir='ltr'>Hist.</span> <span class='ocrx_word' id='word_1_305' title='bbox 725 3378 753 3461; x_wconf 87' lang='lat'>1,</span> <span class='ocrx_word' id='word_1_306' title='bbox 763 3377 805 3439; x_wconf 89' lang='lat'>84</span> <span class='ocrx_word' id='word_1_307' title='bbox 820 3377 862 3440; x_wconf 92' lang='grc' dir='ltr'>Ι).</span> <span class='ocrx_word' id='word_1_308' title='bbox 880 3376 1052 3442; x_wconf 85' lang='lat' dir='ltr'>‘obsidium</span> <span class='ocrx_word' id='word_1_309' title='bbox 1068 3378 1173 3460; x_wconf 88' lang='lat' dir='ltr'>coepit</span> <span class='ocrx_word' id='word_1_310' title='bbox 1188 3397 1248 3460; x_wconf 89' lang='lat' dir='ltr'>per</span> <span class='ocrx_word' id='word_1_311' title='bbox 1261 3376 1300 3439; x_wconf 87' lang='lat' dir='ltr'>L.</span> <span class='ocrx_word' id='word_1_312' title='bbox 1318 3374 1488 3440; x_wconf 79' lang='lat' dir='ltr'>Catilinam</span> 
     </span>
     <span class='ocr_line' id='line_1_32' title="bbox 88 3479 1490 3567; baseline 0 -23"><span class='ocrx_word' id='word_1_313' title='bbox 88 3480 257 3566; x_wconf 85' lang='lat' dir='ltr'>legatum&#39;.</span> <span class='ocrx_word' id='word_1_314' title='bbox 284 3482 350 3544; x_wconf 90' lang='lat' dir='ltr'>iam</span> <span class='ocrx_word' id='word_1_315' title='bbox 365 3483 398 3544; x_wconf 91' lang='lat' dir='ltr'>in</span> <span class='ocrx_word' id='word_1_316' title='bbox 413 3479 663 3566; x_wconf 85' lang='lat' dir='ltr'>frequentiorem</span> <span class='ocrx_word' id='word_1_317' title='bbox 678 3505 772 3546; x_wconf 88' lang='lat' dir='ltr'>usum</span> <span class='ocrx_word' id='word_1_318' title='bbox 783 3484 872 3545; x_wconf 88' lang='lat' dir='ltr'>venit</span> <span class='ocrx_word' id='word_1_319' title='bbox 886 3481 981 3546; x_wconf 91' lang='lat' dir='ltr'>huius</span> <span class='ocrx_word' id='word_1_320' title='bbox 993 3481 1086 3546; x_wconf 86' lang='lat' dir='ltr'>verbi</span> <span class='ocrx_word' id='word_1_321' title='bbox 1101 3482 1275 3567; x_wconf 88' lang='lat' dir='ltr'>passivum,</span> <span class='ocrx_word' id='word_1_322' title='bbox 1293 3501 1490 3566; x_wconf 89' lang='lat' dir='ltr'>quamquam</span> 
     </span>
     <span class='ocr_line' id='line_1_33' title="bbox 90 3585 1490 3672; baseline 0.001 -24"><span class='ocrx_word' id='word_1_323' title='bbox 90 3585 285 3650; x_wconf 84' lang='lat' dir='ltr'>aOiccronc</span> <span class='ocrx_word' id='word_1_324' title='bbox 305 3608 347 3649; x_wconf 93' lang='grc'>66</span> <span class='ocrx_word' id='word_1_325' title='bbox 367 3585 428 3649; x_wconf 88' lang='grc'><strong>1100</strong></span> <span class='ocrx_word' id='word_1_326' title='bbox 449 3586 581 3672; x_wconf 91' lang='lat' dir='ltr'>quidem</span> <span class='ocrx_word' id='word_1_327' title='bbox 598 3589 742 3650; x_wconf 85' lang='lat' dir='ltr'>iunctum</span> <span class='ocrx_word' id='word_1_328' title='bbox 766 3609 836 3650; x_wconf 88' lang='grc'><strong>6666</strong></span> <span class='ocrx_word' id='word_1_329' title='bbox 857 3588 918 3649; x_wconf 89' lang='grc'><strong>6161</strong></span> <span class='ocrx_word' id='word_1_330' title='bbox 938 3609 1013 3650; x_wconf 89' lang='grc'><strong>0616</strong></span> <span class='ocrx_word' id='word_1_331' title='bbox 1035 3595 1150 3650; x_wconf 88' lang='grc'><strong>666116</strong></span> <span class='ocrx_word' id='word_1_332' title='bbox 1172 3587 1368 3670; x_wconf 88' lang='lat' dir='ltr'>pronominis</span> <span class='ocrx_word' id='word_1_333' title='bbox 1387 3585 1490 3649; x_wconf 87' lang='lat' dir='ltr'>forma</span> 
     </span>
     <span class='ocr_line' id='line_1_34' title="bbox 89 3689 1490 3775; baseline -0.003 -20"><span class='ocrx_word' id='word_1_334' title='bbox 89 3691 173 3755; x_wconf 89' lang='lat' dir='ltr'>baec</span> <span class='ocrx_word' id='word_1_335' title='bbox 192 3689 310 3754; x_wconf 88' lang='lat' dir='ltr'>docent</span> <span class='ocrx_word' id='word_1_336' title='bbox 325 3690 488 3775; x_wconf 64' lang='lat' dir='ltr'>exempla:</span> <span class='ocrx_word' id='word_1_337' title='bbox 509 3689 603 3754; x_wconf 89' lang='lat' dir='ltr'>Verr.</span> <span class='ocrx_word' id='word_1_338' title='bbox 616 3690 647 3775; x_wconf 82' lang='lat'>5,</span> <span class='ocrx_word' id='word_1_339' title='bbox 660 3691 711 3773; x_wconf 89' lang='grc'>68,</span> <span class='ocrx_word' id='word_1_340' title='bbox 727 3691 789 3754; x_wconf 78' lang='lat'>174</span> <span class='ocrx_word' id='word_1_341' title='bbox 805 3691 869 3755; x_wconf 81' lang='lat' dir='ltr'>‘illa</span> <span class='ocrx_word' id='word_1_342' title='bbox 885 3712 968 3775; x_wconf 89' lang='lat' dir='ltr'>quae</span> <span class='ocrx_word' id='word_1_343' title='bbox 984 3698 1142 3774; x_wconf 90' lang='lat' dir='ltr'>temptata</span> <span class='ocrx_word' id='word_1_344' title='bbox 1157 3692 1221 3754; x_wconf 92' lang='lat' dir='ltr'>iam</span> <span class='ocrx_word' id='word_1_345' title='bbox 1237 3698 1269 3754; x_wconf 92' lang='grc'>61</span> <span class='ocrx_word' id='word_1_346' title='bbox 1285 3697 1400 3774; x_wconf 88' lang='lat' dir='ltr'>coepta</span> <span class='ocrx_word' id='word_1_347' title='bbox 1415 3698 1490 3753; x_wconf 89' lang='lat' dir='ltr'>sunt</span> 
     </span>
     <span class='ocr_line' id='line_1_35' title="bbox 90 3793 1490 3881; baseline -0.001 -22"><span class='ocrx_word' id='word_1_348' title='bbox 90 3795 131 3859; x_wconf 91' lang='lat' dir='ltr'>ab</span> <span class='ocrx_word' id='word_1_349' title='bbox 147 3794 233 3875; x_wconf 88' lang='lat' dir='ltr'>isto’,</span> <span class='ocrx_word' id='word_1_350' title='bbox 250 3793 342 3859; x_wconf 83' lang='lat' dir='ltr'>Catil.</span> <span class='ocrx_word' id='word_1_351' title='bbox 356 3795 386 3876; x_wconf 88' lang='lat'>4,</span> <span class='ocrx_word' id='word_1_352' title='bbox 402 3794 440 3856; x_wconf 77' lang='lat'>17</span> <span class='ocrx_word' id='word_1_353' title='bbox 459 3803 516 3859; x_wconf 87' lang='lat' dir='ltr'>‘est</span> <span class='ocrx_word' id='word_1_354' title='bbox 528 3795 561 3859; x_wconf 94' lang='lat' dir='ltr'>id</span> <span class='ocrx_word' id='word_1_355' title='bbox 574 3795 704 3881; x_wconf 88' lang='lat' dir='ltr'>quidem</span> <span class='ocrx_word' id='word_1_356' title='bbox 717 3805 866 3880; x_wconf 89' lang='lat' dir='ltr'>coeptum</span> <span class='ocrx_word' id='word_1_357' title='bbox 878 3805 975 3880; x_wconf 87' lang='lat' dir='ltr'>atque</span> <span class='ocrx_word' id='word_1_358' title='bbox 991 3795 1203 3880; x_wconf 88' lang='lat' dir='ltr'>temptatum’.</span> <span class='ocrx_word' id='word_1_359' title='bbox 1228 3794 1369 3858; x_wconf 88' lang='lat' dir='ltr'>Iustinus</span> <span class='ocrx_word' id='word_1_360' title='bbox 1382 3802 1490 3858; x_wconf 93' lang='lat' dir='ltr'>autem</span> 
     </span>
     <span class='ocr_line' id='line_1_36' title="bbox 91 3898 1490 3986; baseline -0.004 -21"><span class='ocrx_word' id='word_1_361' title='bbox 91 3900 236 3965; x_wconf 82' lang='lat' dir='ltr'>‘bellum’</span> <span class='ocrx_word' id='word_1_362' title='bbox 258 3921 333 3963; x_wconf 89' lang='lat' dir='ltr'>cum</span> <span class='ocrx_word' id='word_1_363' title='bbox 352 3902 521 3986; x_wconf 84' lang='lat' dir='ltr'>participio</span> <span class='ocrx_word' id='word_1_364' title='bbox 540 3901 620 3986; x_wconf 84' lang='lat' dir='ltr'>perf.</span> <span class='ocrx_word' id='word_1_365' title='bbox 638 3902 757 3986; x_wconf 90' lang='lat' dir='ltr'>passiv.</span> <span class='ocrx_word' id='word_1_366' title='bbox 777 3901 975 3964; x_wconf 86' lang='lat' dir='ltr'>consociavit</span> <span class='ocrx_word' id='word_1_367' title='bbox 993 3900 1023 3982; x_wconf 92' lang='grc'>2,</span> <span class='ocrx_word' id='word_1_368' title='bbox 1043 3900 1093 3984; x_wconf 91' lang='grc'>10,</span> <span class='ocrx_word' id='word_1_369' title='bbox 1112 3899 1153 3962; x_wconf 95' lang='grc'>12</span> <span class='ocrx_word' id='word_1_370' title='bbox 1174 3899 1313 3962; x_wconf 86' lang='lat' dir='ltr'>‘Xerxes</span> <span class='ocrx_word' id='word_1_371' title='bbox 1334 3898 1454 3963; x_wconf 92' lang='lat' dir='ltr'>bellum</span> <span class='ocrx_word' id='word_1_372' title='bbox 1470 3921 1490 3960; x_wconf 93' lang='lat' dir='ltr'>a</span> 
     </span>
     <span class='ocr_line' id='line_1_37' title="bbox 91 4001 1490 4090; baseline -0.002 -21"><span class='ocrx_word' id='word_1_373' title='bbox 91 4015 187 4090; x_wconf 86' lang='lat' dir='ltr'>patre</span> <span class='ocrx_word' id='word_1_374' title='bbox 204 4013 355 4090; x_wconf 89' lang='lat' dir='ltr'>coeptum</span> <span class='ocrx_word' id='word_1_375' title='bbox 370 4005 527 4070; x_wconf 87' lang='lat' dir='ltr'>adversus</span> <span class='ocrx_word' id='word_1_376' title='bbox 544 4005 716 4070; x_wconf 80' lang='lat' dir='ltr'>Graeciam</span> <span class='ocrx_word' id='word_1_377' title='bbox 733 4026 790 4090; x_wconf 91' lang='lat' dir='ltr'>per</span> <span class='ocrx_word' id='word_1_378' title='bbox 806 4006 1059 4089; x_wconf 89' lang='lat' dir='ltr'>quinquennium</span> <span class='ocrx_word' id='word_1_379' title='bbox 1075 4004 1246 4082; x_wconf 81' lang='lat' dir='ltr'>instruxit&#39;,</span> <span class='ocrx_word' id='word_1_380' title='bbox 1264 4001 1315 4083; x_wconf 87' lang='grc'>38,</span> <span class='ocrx_word' id='word_1_381' title='bbox 1327 4003 1358 4083; x_wconf 90' lang='grc'>4,</span> <span class='ocrx_word' id='word_1_382' title='bbox 1372 4003 1392 4066; x_wconf 88' lang='grc'>3</span> <span class='ocrx_word' id='word_1_383' title='bbox 1408 4005 1490 4066; x_wconf 84' lang='lat' dir='ltr'>‘con-</span> 
     </span>
     <span class='ocr_line' id='line_1_38' title="bbox 92 4105 1491 4195; baseline -0.001 -23"><span class='ocrx_word' id='word_1_384' title='bbox 92 4109 279 4191; x_wconf 88' lang='lat' dir='ltr'>sulendum,</span> <span class='ocrx_word' id='word_1_385' title='bbox 304 4132 368 4194; x_wconf 89' lang='lat' dir='ltr'>qua</span> <span class='ocrx_word' id='word_1_386' title='bbox 391 4111 513 4173; x_wconf 89' lang='lat' dir='ltr'>ratione</span> <span class='ocrx_word' id='word_1_387' title='bbox 536 4131 575 4174; x_wconf 90' lang='lat' dir='ltr'>ac</span> <span class='ocrx_word' id='word_1_388' title='bbox 598 4131 654 4195; x_wconf 87' lang='lat' dir='ltr'>spe</span> <span class='ocrx_word' id='word_1_389' title='bbox 678 4119 791 4195; x_wconf 89' lang='lat' dir='ltr'>coepta</span> <span class='ocrx_word' id='word_1_390' title='bbox 816 4108 901 4172; x_wconf 93' lang='lat' dir='ltr'>bella</span> <span class='ocrx_word' id='word_1_391' title='bbox 924 4108 1127 4188; x_wconf 78' lang='lat' dir='ltr'>sustineant&#39;3</span> <span class='ocrx_word' id='word_1_392' title='bbox 1151 4108 1191 4172; x_wconf 89' lang='lat' dir='ltr'>cf.</span> <span class='ocrx_word' id='word_1_393' title='bbox 1211 4107 1287 4172; x_wconf 86' lang='lat' dir='ltr'>Sall.</span> <span class='ocrx_word' id='word_1_394' title='bbox 1306 4107 1376 4192; x_wconf 81' lang='lat' dir='ltr'>lug.</span> <span class='ocrx_word' id='word_1_395' title='bbox 1398 4106 1450 4191; x_wconf 92' lang='grc'>21,</span> <span class='ocrx_word' id='word_1_396' title='bbox 1469 4105 1491 4170; x_wconf 90' lang='grc'>2</span> 
     </span>
     <span class='ocr_line' id='line_1_39' title="bbox 93 4211 1491 4299; baseline -0.001 -21"><span class='ocrx_word' id='word_1_397' title='bbox 93 4216 257 4298; x_wconf 87' lang='lat' dir='ltr'>‘coeptum</span> <span class='ocrx_word' id='word_1_398' title='bbox 282 4223 379 4299; x_wconf 90' lang='lat' dir='ltr'>atque</span> <span class='ocrx_word' id='word_1_399' title='bbox 406 4223 568 4299; x_wconf 89' lang='lat' dir='ltr'>patratum</span> <span class='ocrx_word' id='word_1_400' title='bbox 594 4213 714 4278; x_wconf 85' lang='lat' dir='ltr'>bellum</span> <span class='ocrx_word' id='word_1_401' title='bbox 740 4213 843 4298; x_wconf 80' lang='lat' dir='ltr'>foret&#39;,</span> <span class='ocrx_word' id='word_1_402' title='bbox 871 4211 1209 4296; x_wconf 56' lang='grc'><strong>176161662162</strong></span> <span class='ocrx_word' id='word_1_403' title='bbox 1232 4214 1347 4296; x_wconf 80' lang='lat' dir='ltr'>‘coepti</span> <span class='ocrx_word' id='word_1_404' title='bbox 1370 4211 1491 4276; x_wconf 90' lang='lat' dir='ltr'>fiducia</span> 
     </span>
     <span class='ocr_line' id='line_1_40' title="bbox 92 4318 1490 4402; baseline -0.001 -21"><span class='ocrx_word' id='word_1_405' title='bbox 92 4318 191 4382; x_wconf 88' lang='lat' dir='ltr'>belli&#39;.</span> <span class='ocrx_word' id='word_1_406' title='bbox 224 4327 337 4382; x_wconf 87' lang='lat' dir='ltr'>contra</span> <span class='ocrx_word' id='word_1_407' title='bbox 353 4318 616 4383; x_wconf 88' lang='lat' dir='ltr'>consuetudinem</span> <span class='ocrx_word' id='word_1_408' title='bbox 633 4319 828 4401; x_wconf 86' lang='lat' dir='ltr'>elegantium</span> <span class='ocrx_word' id='word_1_409' title='bbox 844 4319 1034 4402; x_wconf 86' lang='lat' dir='ltr'>scriptorum</span> <span class='ocrx_word' id='word_1_410' title='bbox 1054 4319 1258 4380; x_wconf 88' lang='lat' dir='ltr'>accusativus</span> <span class='ocrx_word' id='word_1_411' title='bbox 1273 4326 1369 4400; x_wconf 85' lang='lat' dir='ltr'>aptus</span> <span class='ocrx_word' id='word_1_412' title='bbox 1385 4325 1490 4379; x_wconf 86' lang='lat' dir='ltr'>estex</span> 
     </span>
     <span class='ocr_line' id='line_1_41' title="bbox 93 4407 1489 4508; baseline -0.001 -24"><span class='ocrx_word' id='word_1_413' title='bbox 93 4421 196 4486; x_wconf 87' lang='lat' dir='ltr'>verbo</span> <span class='ocrx_word' id='word_1_414' title='bbox 218 4421 398 4508; x_wconf 81' lang='lat' dir='ltr'>‘auspicari&#39;</span> <span class='ocrx_word' id='word_1_415' title='bbox 420 4420 557 4504; x_wconf 64' lang='grc'><strong>11612</strong></span> <span class='ocrx_word' id='word_1_416' title='bbox 579 4423 705 4486; x_wconf 87' lang='lat' dir='ltr'>‘caedes</span> <span class='ocrx_word' id='word_1_417' title='bbox 727 4407 984 4486; x_wconf 60' lang='lat' dir='ltr'>deinde&#39;civium</span> <span class='ocrx_word' id='word_1_418' title='bbox 1004 4421 1046 4486; x_wconf 88' lang='lat' dir='ltr'>ab</span> <span class='ocrx_word' id='word_1_419' title='bbox 1067 4419 1240 4484; x_wconf 84' lang='lat' dir='ltr'>Alcibiade</span> <span class='ocrx_word' id='word_1_420' title='bbox 1259 4421 1489 4506; x_wconf 88' lang='lat' dir='ltr'>auspicantur&#39;,</span> 
     </span>
     <span class='ocr_line' id='line_1_42' title="bbox 94 4524 1490 4614; baseline -0.003 -23"><span class='ocrx_word' id='word_1_421' title='bbox 94 4528 216 4612; x_wconf 80' lang='grc'><strong>21,1,1</strong></span> <span class='ocrx_word' id='word_1_422' title='bbox 230 4528 449 4614; x_wconf 76' lang='lat' dir='ltr'>‘tyrannidem</span> <span class='ocrx_word' id='word_1_423' title='bbox 463 4530 496 4592; x_wconf 92' lang='lat' dir='ltr'>in</span> <span class='ocrx_word' id='word_1_424' title='bbox 513 4551 587 4594; x_wconf 88' lang='lat' dir='ltr'>suos</span> <span class='ocrx_word' id='word_1_425' title='bbox 603 4531 691 4614; x_wconf 89' lang='lat' dir='ltr'>prius</span> <span class='ocrx_word' id='word_1_426' title='bbox 708 4549 804 4614; x_wconf 90' lang='lat' dir='ltr'>quam</span> <span class='ocrx_word' id='word_1_427' title='bbox 817 4530 850 4592; x_wconf 91' lang='lat' dir='ltr'>in</span> <span class='ocrx_word' id='word_1_428' title='bbox 862 4539 990 4592; x_wconf 86' lang='lat' dir='ltr'>exteros</span> <span class='ocrx_word' id='word_1_429' title='bbox 1002 4525 1208 4611; x_wconf 88' lang='lat' dir='ltr'>auspicatus&#39;,</span> <span class='ocrx_word' id='word_1_430' title='bbox 1226 4524 1276 4602; x_wconf 83' lang='lat'>38,</span> <span class='ocrx_word' id='word_1_431' title='bbox 1289 4524 1345 4607; x_wconf 91' lang='grc'>1,1</span> <span class='ocrx_word' id='word_1_432' title='bbox 1360 4525 1490 4589; x_wconf 83' lang='lat' dir='ltr'>‘Mithri-</span> 
     </span>
     <span class='ocr_line' id='line_1_43' title="bbox 94 4628 1489 4722; baseline -0.004 -24"><span class='ocrx_word' id='word_1_433' title='bbox 94 4634 188 4698; x_wconf 86' lang='lat' dir='ltr'>dates</span> <span class='ocrx_word' id='word_1_434' title='bbox 204 4635 376 4722; x_wconf 87' lang='lat' dir='ltr'>parn&#39;cidia</span> <span class='ocrx_word' id='word_1_435' title='bbox 388 4656 469 4699; x_wconf 88' lang='lat' dir='ltr'>nece</span> <span class='ocrx_word' id='word_1_436' title='bbox 481 4635 592 4698; x_wconf 86' lang='lat' dir='ltr'>uxoris</span> <span class='ocrx_word' id='word_1_437' title='bbox 603 4634 810 4721; x_wconf 85' lang='lat' dir='ltr'>auspicatus’.</span> <span class='ocrx_word' id='word_1_438' title='bbox 835 4633 896 4697; x_wconf 92' lang='lat' dir='ltr'>hoc</span> <span class='ocrx_word' id='word_1_439' title='bbox 909 4633 1054 4714; x_wconf 88' lang='lat' dir='ltr'>verbum,</span> <span class='ocrx_word' id='word_1_440' title='bbox 1072 4628 1157 4718; x_wconf 92' lang='lat' dir='ltr'>quod</span> <span class='ocrx_word' id='word_1_441' title='bbox 1170 4631 1310 4719; x_wconf 84' lang='lat' dir='ltr'>optimae</span> <span class='ocrx_word' id='word_1_442' title='bbox 1323 4629 1489 4695; x_wconf 86' lang='lat' dir='ltr'>latinitatis</span> 
     </span>
    </p>
   </div>
   <div class='ocr_carea' id='block_1_4' title="bbox 0 0 1626 5092">
    <p class='ocr_par' dir='ltr' id='par_1_5' title="bbox 0 0 1626 5092">
     <span class='ocr_line' id='line_1_44' title="bbox 0 0 1626 5092; baseline 0 0"><span class='ocrx_word' id='word_1_443' title='bbox 0 0 1626 5092; x_wconf 95' lang='lat' dir='ltr'> </span> 
     </span>
    </p>
   </div>
  </div>
 </body>
</html>
