3225 5092
479 589 527 642 De
544 588 658 642 verbis
674 603 753 644 oum
768 589 889 645 dativo
903 586 1104 647 coniunctis.

198 715 267 780 Ut
259 738 292 779 in
303 718 476 782 universae
487 728 560 784 aeta
562 721 601 783 tis
614 730 728 804 argent
730 743 787 785 eae
800 743 956 799 sermone,
973 747 984 786 1
975 723 1118 808 taapud
1129 683 1207 788 Iust'
1186 732 1287 787 t1num
1303 724 1369 788 dat'
1347 727 1415 809 uvi,
1433 729 1488 811 qui

11 867 13 882 .
99 818 198 884 ver'ba
218 823 395 906 composita
415 825 521 908 sequit
522 846 569 906 ur,
592 847 686 888 usum
706 825 760 888 lat
739 835 801 890 trus
822 836 933 911 patere
954 826 1101 891 videmus
1122 849 1218 912 quam
1238 829 1272 892 in
1292 828 1487 913 elegantissi

99 945 220 988 morum
237 927 430 1011 scriptorum
442 928 592 992 dictione.
619 952 695 994 nam
707 929 851 994 Iustinus
867 954 931 995 non
947 930 1051 996 solum
1064 932 1165 996 multa
1176 931 1288 1015 verba,
1305 956 1387 1019 quae
1400 933 1487 1019 apud

101 1026 287 1094 Ciceronem
307 1040 339 1094 et
356 1030 528 1097 Caesarem
548 1056 613 1098 non
628 1033 789 1119 leguntur,
813 1058 886 1100 eum
906 1036 1015 1100 dativo
1036 1039 1224 1119 construxit,
1244 1037 1302 1101 sed
1323 1039 1419 1102 etiam
1439 1061 1488 1120 ea,

11 1185 12 1190 ,
101 1155 178 1218 quae
195 1157 393 1222 quamquam
407 1139 440 1200 in
457 1136 619 1202 Ciceronis
635 1147 668 1202 et
684 1129 833 1204 Caesaris
848 1142 976 1225 scriptis
992 1150 1131 1224 exstant,
1148 1151 1257 1206 tamen
1271 1141 1313 1205 ab
1329 1143 1378 1206 his
1390 1145 1488 1226 serip-

99 1238 219 1303 toribus
235 1248 291 1304 aut
311 1240 456 1305 absolute
477 1251 626 1307 anteum
646 1244 939 1329 praepositionibus
960 1267 1085 1310 conexa
1104 1254 1258 1331 usurpata
1278 1255 1360 1310 sunt.
1391 1256 1488 1332 atque

99 1343 177 1406 haee
193 1344 298 1409 verba
313 1345 491 1426 secundum
503 1346 689 1412 inferiorum
706 1349 899 1434 scriptorum
915 1349 1046 1413 dicendi
1062 1350 1327 1414 consuetudinem
1344 1351 1490 1415 dativum

100 1446 281 1534 adsumunt,
307 1451 375 1514 sive
396 1450 583 1515 translatam
603 1452 778 1517 induerunt
798 1454 1065 1536 significationem
1088 1456 1157 1517 sive
1183 1456 1313 1540 propria
1334 1457 1366 1519 vi
1387 1456 1491 1540 posita

100 1561 179 1616 sunt.
204 1556 458 1645 praepositiones
474 1565 592 1639 autem,
610 1578 701 1641 quae,
719 1560 745 1620 si
758 1557 861 1621 verba
876 1560 1004 1643 proprio
1018 1580 1114 1621 seusu
1127 1556 1288 1643 dicuntur,
1304 1558 1346 1622 ab
1363 1562 1490 1644 optimis

100 1657 308 1743 scriptoribus
328 1662 432 1746 repeti
454 1661 570 1742 solent,
593 1661 735 1726 Iustinus
755 1684 911 1748 perquam
932 1684 1005 1726 raro
1029 1664 1171 1745 iteravit,
1195 1662 1292 1747 idque
1315 1672 1387 1749 post
1409 1663 1491 1727 haec

99 1771 223 1825 tantum
240 1755 356 1828 verba:
378 1764 556 1847 accedere,
577 1765 752 1852 adplicare,
770 1767 907 1849 deferre,
923 1766 1106 1851 infundere,
1122 1766 1300 1851 intendere,
1317 1766 1489 1851 suffigere'.

100 1866 163 1930 iam
184 1876 338 1952 sequatur
364 1878 556 1955 conspectus
576 1870 764 1952 verborum,
787 1895 803 1936 e
825 1870 942 1956 quibus
963 1893 1017 1953 ea,
1042 1893 1177 1955 quorum
1197 1871 1354 1956 simplicia
1373 1873 1491 1935 intran-

11 2021 12 2024 ,
101 1971 227 2035 sitivam
243 1971 365 2037 habent
380 1975 551 2055 notionem,
572 1977 678 2060 priore
694 1975 763 2038 loeo
786 1975 1021 2058 tractabuntur,
1042 1975 1141 2040 altero
1159 1998 1206 2057 ea,
1223 1997 1358 2059 quorum
1375 1974 1491 2060 simpli-

100 2073 190 2138 cibus
208 2077 256 2139 vis
271 2079 440 2142 transitiva
454 2080 548 2162 inest,
564 2089 793 2165 proponentur.

243 2251 289 2335 Α)
307 2251 436 2316 Verba
453 2237 679 2338 composita,
697 2252 836 2338 quibus
851 2256 953 2318 inest
967 2258 1072 2318 notio
1087 2255 1347 2318 intransitiva.

203 2393 400 2458 accedere.
436 2403 472 2457 ut
492 2403 651 2478 quatenus
671 2393 713 2457 ab
734 2394 874 2478 eleganti
895 2415 1041 2458 sermone
1062 2393 1222 2479 discrepet
1243 2394 1386 2458 Iustinus
1405 2405 1494 2459 recte

101 2507 322 2580 cognoscatur,
339 2498 535 2584 spectandae
552 2507 625 2562 sunt
642 2499 751 2562 variae
768 2498 1029 2582 significationes,
1046 2520 1126 2583 quas
1142 2498 1202 2561 hoe
1215 2497 1352 2562 verbum
1367 2501 1492 2583 recipit.

101 2602 183 2686 quod
201 2604 228 2666 si
244 2604 331 2666 idem
343 2603 456 2668 valens
472 2604 558 2688 quod
574 2613 718 2667 nostrum
730 2604 884 2666 ‘metropol
896 2602 949 2665 vel
963 2603 1116 2687 steiperad
1129 2603 1368 2680 biozukommeu,
1385 2603 1493 2665 binau-

100 2705 204 2792 pafr‘tpt
219 2707 349 2770 werden'
367 2730 430 2772 non
447 2709 548 2772 solum
565 2707 605 2772 de
622 2709 767 2795 personis
784 2707 842 2771 sed
858 2708 954 2771 etiam
971 2706 1122 2770 derebus
1138 2728 1212 2769 oum
1228 2706 1338 2770 dativo
1355 2709 1493 2791 ponitur,

100 2810 131 2873 id
146 2809 289 2876 alienum
310 2820 358 2875 est
377 2812 419 2876 ab
440 2836 500 2876 usu
521 2815 715 2898 optimorum
736 2815 937 2897 scriptorum,
959 2812 1014 2897 qui
1034 2810 1109 2874 huie
1129 2810 1231 2874 verbo
1250 2810 1371 2875 addere
1393 2810 1496 2874 solent

11 2985 13 2996 Ι
99 2918 263 3000 praeposit
264 2919 370 2981 ionem
391 2917 463 2998 ‘ad’3
486 2917 525 2982 cf.
539 2918 617 2981 lust.
636 2917 666 2998 2,
687 2917 735 2999 13,
755 2917 793 2978 11
813 2915 967 2980 labori..
983 2917 1100 2980 etiam
1119 2914 1221 2978 fames
1242 2915 1443 2998 accesserat,
1466 2915 1494 2997 7,

100 3019 303 3105 3,1‘quibus
320 3020 604 3108 (regnis)..tera
618 3042 790 3085 accessura
802 3019 1017 3103 Macedonia
1034 3018 1063 3101 8,
1073 3019 1108 3103 3,
1116 3019 1174 3081 14(
1176 3042 1216 3082 ne
1228 3018 1274 3082 al
1261 3020 1360 3082 terius
1373 2963 1495 3082 viribus

101 3125 293 3208 accederet,
315 3125 344 3210 9,
358 3125 421 3210 6,o
438 3126 631 3210 ‘indignitati
648 3126 848 3190 haectetiam
864 3123 1001 3189 foeditas
1021 3123 1223 3204 accesserat,
1246 3123 1296 3205 11,
1309 3123 1339 3205 4,
1356 3122 1395 3186 12
1412 3123 1496 3187 ‘Per-

101 3251 209 3293 sarum
224 3229 349 3293 viribus
364 3231 554 3312 secessere
569 3230 620 3309 12,
633 3229 663 3314 6,
679 3229 719 3293 10
736 3230 885 3292 ‘accessit
872 3229 986 3291 tenim
1002 3229 1099 3312 paeni
1101 3229 1260 3290 tentiae..
1275 3226 1496 3308 recordatio,

11 3329 15 3416 J
101 3332 150 3417 16,
162 3333 193 3415 5,
209 3333 226 3395 7
244 3333 382 3397 ‘aceedit
398 3335 551 3398 saevitiae
567 3333 758 3418 insolentia',
782 3333 831 3408 17,
845 3332 875 3409 2,
891 3334 907 3394 1
923 3332 1046 3396 ‘domus
1063 3353 1138 3394 suae
1154 3334 1266 3395 minae
1283 3331 1430 3395 cumulus
1445 3352 1496 3393 ao·

101 3439 217 3521 cessit',
241 3437 290 3519 17,
309 3437 338 3520 2,
358 3439 396 3499 11
415 3439 487 3502 ‘utri
504 3440 588 3523 parti
609 3440 713 3502 socius
733 3422 944 3518 accessisset,
969 3434 1020 3518 22,
1039 3435 1068 3518 7,
1087 3437 1103 3497 1
1122 3435 1181 3499 ‘his
1202 3435 1385 3498 Poenorum
1405 3434 1497 3498 malis

102 3545 197 3606 etiam
215 3542 339 3606 deletus
355 3544 388 3606 in
405 3541 514 3606 Sicilia
531 3565 605 3606 oum
620 3545 814 3628 imperatore
832 3542 994 3605 exereitus
1008 3590 1014 3601 .
1030 3591 1036 3603 .
1052 3591 1058 3603 .
1072 3540 1230 3623 accessit’,
1247 3540 1299 3622 31,
1311 3538 1374 3622 3,6
1392 3538 1498 3604 ‘ardor

102 3649 216 3712 animis
239 3649 325 3732 regis
345 3648 504 3728 accessit',
528 3647 556 3729 1,
575 3647 605 3729 6,
625 3647 665 3710 12
686 3647 823 3711 ‘animus
848 3646 1006 3709 exercitui
1029 3647 1098 3708 eius
1121 3644 1278 3727 accessit',
1302 3644 1334 3726 4,
1353 3644 1383 3725 3,
1403 3643 1423 3707 5
1447 3646 1497 3707 ‘ne

102 3751 371 3816 Lacedaemoniis
390 3752 464 3816 illae
484 3753 570 3815 vires
591 3750 807 3832 accederent’,
834 3749 883 3831 13,
901 3748 932 3832 5,
952 3747 992 3812 15
1009 3750 1103 3812 ‘vires
1126 3751 1195 3812 eius
1218 3749 1393 3812 accessisse
1416 3747 1498 3832 sibi',

105 3856 153 3939 15,
170 3858 201 3941 4,
222 3857 238 3920 1
257 3857 430 3942 ‘Antigono
451 3857 550 3920 hostis
570 3856 775 3934 accesserat,
801 3854 851 3936 17,
874 3853 907 3936 2,
929 3853 969 3917 10
991 3856 1040 3916 ‘ne
1060 3853 1222 3938 Antigono
1237 3904 1243 3916 .
1258 3904 1264 3918 .
1280 3903 1285 3916 .
1300 3854 1413 3917 tertius
1437 3852 1499 3916 sibi

16 4037 17 4042 γ
103 3959 201 4026 hostis
217 3961 411 4044 accederet',
433 3961 484 4043 24,
503 3961 532 4046 7,
549 3962 569 4025 3
591 3964 633 4025 ‘et
652 3963 775 4024 animos
796 3958 942 4022 hostibus
958 3957 1091 4022 forsitan
1111 3966 1144 4020 et
1163 3958 1286 4022 auxilia
1305 3956 1497 4022 accessura’.

103 4066 167 4130 iam
187 4067 293 4130 minus
313 4065 436 4130 alienus
457 4065 499 4130 ab
520 4066 640 4149 optimo
660 4085 779 4148 genere
800 4062 929 4127 dicendi
949 4071 997 4126 est
1018 4060 1161 4147 dativus,
1183 4063 1209 4125 si
1229 4062 1406 4126 ‘accedere'
1428 4083 1499 4126 eam

105 4173 265 4236 notionem
281 4170 388 4251 habet,
406 4192 503 4255 quarn
518 4179 627 4233 nostra
641 4167 801 4253 ‘sasallera
819 4190 856 4229 za
877 4166 964 4229 taen
977 4167 1120 4231 werdea’:
1136 4166 1187 4249 36,
1200 4165 1230 4249 2,
1243 4165 1263 4229 5
1280 4167 1381 4229 ‘cuius
1397 4167 1499 4252 portio

106 4274 252 4339 omnibus
267 4274 471 4340 accesserat'.
504 4297 542 4338 ao
558 4273 654 4359 plane
671 4273 823 4336 convenit
838 4293 913 4334 oum
934 4270 1170 4354 elegantissimo
1191 4291 1337 4334 sermone
1353 4270 1415 4334 hoo
1430 4292 1499 4332 ver-

11 4449 14 4472 ,
105 4378 183 4444 bum
206 4402 279 4444 oum
301 4379 537 4466 praepositione
559 4375 620 4440 ‘ad’
646 4379 853 4442 coniunctum
876 4397 972 4439 sensu
995 4376 1139 4461 proprio:
1164 4372 1194 4459 2,
1215 4373 1283 4457 5,5
1304 4372 1356 4436 ‘ad
1375 4373 1499 4437 hostem

11 4509 16 4552 ι
106 4484 294 4566 accessere',
312 4484 362 4565 12,
377 4483 405 4561 7,
419 4482 437 4545 8
455 4482 508 4546 ‘ad
524 4492 664 4546 montem
679 4480 837 4562 accessit',
861 4480 910 4562 13,
924 4478 986 4564 3,8
1004 4478 1056 4543 ‘ad
1072 4500 1188 4564 quem.
1205 4530 1210 4541 .
1226 4530 1232 4543 .
1246 4476 1426 4561 accedere',
1450 4477 1499 4559 15,
1534 4487 1539 4495 '

107 4586 136 4669 4,
157 4587 193 4650 17
215 4586 267 4652 ‘ad
288 4588 501 4652 dormientem
522 4587 677 4670 accessit',
697 4585 867 4650 translato:
888 4584 940 4662 37,
959 4583 989 4665 3,
1009 4583 1096 4646 1‘ad
1116 4583 1207 4667 regni
1228 4582 1345 4647 deinde
1365 4582 1500 4646 admini-

157 4709 323 4751 Dissortationes
338 4709 413 4760 philol.
424 4709 515 4750 Vindob.
537 4709 564 4748 11.
1328 4691 1343 4738 8
