3225 5092
152 211 193 275 68

153 399 408 486 corruptelarum
426 399 585 482 sordibus,
607 409 763 485 quantum
781 399 853 462 fieri
873 408 986 485 potest,
1006 409 1153 484 purgata,
1188 401 1284 466 talem
1304 409 1412 465 autem
1430 424 1530 466 recen-

153 508 275 570 sionem
302 527 406 590 nuper
434 504 564 569 demum
591 503 628 566 F.
650 503 804 568 Ruehlius
832 504 1053 589 suppeditavit
1074 504 1227 588 editione,
1257 528 1339 592 quae
1366 505 1482 591 prodiit
1507 529 1531 569 a.

152 607 487 675 MDOOOLXXXVI
506 607 595 694 apud
614 607 830 685 Teubnerum,
852 608 1017 673 adornata.
1050 611 1104 694 qui
1125 611 1189 673 iam
1208 633 1237 676 a.
1254 609 1533 675 MDCCCLXXH

152 715 318 801 praeclara
335 715 611 795 commentatione,
637 735 719 798 quae
738 713 924 778 inscribitur
948 713 1020 775 ‘Die
1047 712 1275 797 Tentosquelleu
1300 715 1353 778 des
1370 715 1532 795 Justious',

153 819 431 883 demonstraverat
456 817 557 903 Ieepii
582 819 802 881 recensionem
829 842 858 881 a.
885 815 1171 882 MDCOOLVIIII
1196 819 1229 881 in
1259 817 1365 883 lucem
1391 820 1532 882 emissam

151 946 214 988 non
231 922 333 988 solum
348 944 411 987 non
428 923 513 986 omni
530 930 679 1006 exparte
695 920 900 986 emendatam
916 931 948 986 et
963 919 1144 985 absolutam
1160 920 1225 984 dici
1243 943 1350 1006 posse,
1369 923 1429 986 sed
1445 926 1534 986 ctiam

150 1027 233 1092 illius
250 1029 291 1093 de
307 1027 455 1092 codicum
470 1029 593 1090 ratione
609 1049 648 1090 ac
664 1026 820 1110 dignitate
836 1027 1028 1089 sententiam
1044 1027 1171 1089 omnino
1184 1025 1298 1090 falsam
1311 1048 1389 1090 esse.
1414 1026 1533 1091 Ruehlii

151 1133 249 1216 igitur
271 1132 411 1196 editione
438 1141 603 1217 tamquam
630 1130 841 1196 fundamento
868 1133 956 1194 nisus
983 1129 1025 1193 de
1048 1130 1163 1194 Iustini
1191 1152 1337 1195 sermone
1364 1131 1533 1216 quaerendi

152 1235 321 1300 exordium
337 1239 409 1322 cepi
425 1259 444 1300 a
461 1258 594 1300 casuum
610 1234 812 1319 obliquorum
831 1258 901 1317 usu,
923 1234 1052 1319 reliquis
1073 1256 1156 1321 quae
1176 1235 1240 1299 liuc
1258 1237 1423 1319 pertinent
1443 1235 1533 1299 rebus

151 1342 185 1404 in
204 1341 348 1406 futurum
367 1351 496 1426 tempus
516 1339 632 1404 dilatis.
665 1342 717 1402 cui
735 1341 865 1423 negotio
885 1349 921 1402 ut
941 1339 1134 1421 sufficerem,
1154 1361 1219 1403 non
1234 1342 1311 1403 satis
1330 1340 1430 1405 habui
1445 1342 1532 1404 raris-

151 1449 232 1509 sima
251 1455 377 1510 tantum
396 1446 510 1522 leviter
525 1445 692 1528 adtingere
709 1466 857 1529 quaeque
878 1446 969 1528 quasi
985 1443 1126 1508 clamant
1147 1452 1179 1506 et
1198 1443 1355 1527 flagitant,
1375 1455 1412 1508 ut
1431 1466 1534 1508 eorum

150 1551 232 1613 ratio
252 1549 420 1633 habeatur,
442 1558 581 1626 enotare,
603 1548 661 1613 scd
680 1550 787 1612 omnia
808 1551 965 1633 congessi,
987 1570 1071 1634 quae
1091 1548 1198 1633 aliquo
1218 1548 1314 1612 modo
1335 1572 1355 1611 a
1374 1547 1533 1613 Ciceronis
1579 1544 1580 1549 ’

151 1651 361 1739 Caesarisque
392 1652 521 1718 dicendi
549 1676 669 1737 genere
698 1651 852 1717 recedere
878 1652 1084 1717 videbantur.
1125 1675 1229 1737 neque
1258 1675 1334 1717 vero
1360 1653 1442 1717 haec
1472 1652 1533 1716 sola

150 1761 289 1843 respexi,
311 1758 377 1840 sed,
398 1758 455 1823 ubi
471 1781 512 1822 ex
532 1779 567 1822 re
588 1767 666 1842 erat,
684 1756 783 1821 veluti
803 1758 836 1820 in
857 1756 1032 1821 verborum
1053 1758 1301 1842 compositorum
1322 1778 1396 1822 oum
1412 1757 1534 1822 casibus

151 1861 286 1947 obliquis
308 1864 552 1946 constructione,
574 1863 716 1926 omnium
736 1860 921 1942 verborum,
945 1863 1134 1945 inquorum
1152 1883 1212 1924 usu
1231 1860 1371 1924 Iustinus
1391 1871 1448 1925 aut
1467 1883 1535 1924 cum

151 1967 397 2050 elegantissimis
410 1966 619 2051 scriptoribus
633 1967 800 2047 consentit,
817 1975 872 2029 aut
886 1974 998 2029 contra
1009 1964 1096 2043 facit,
1111 1973 1321 2050 conspectum
1333 1964 1443 2030 obtuli.
1465 1989 1534 2030 nam

150 2071 245 2156 plene
265 2080 390 2135 tantum
410 2093 448 2134 ac
468 2070 611 2155 perfecte
632 2069 774 2134 collectis
794 2070 863 2132 eius
882 2068 969 2134 modi
990 2068 1088 2133 rebus
1110 2079 1142 2132 et
1158 2071 1350 2154 comparatis
1367 2091 1534 2154 quaecum

151 2177 269 2260 optimo
287 2197 433 2240 sermone
450 2176 636 2260 conspirant
652 2195 799 2260 quaeque
815 2173 857 2238 ab
873 2196 911 2238 eo
927 2173 1122 2259 discrepant,
1144 2194 1339 2257 cognoscere
1359 2194 1533 2258 possumus,

151 2289 309 2363 quatenus
325 2278 468 2342 Iustinus
493 2301 512 2342 a
537 2279 729 2364 scriptorum
754 2278 911 2342 bonorum
931 2277 1163 2342 consuetudine
1186 2278 1356 2341 recesserit
1380 2299 1534 2362 quemque
1579 2342 1581 2356 ἰ

150 2385 233 2447 111101
249 2385 421 2468 scriptores
438 2392 609 2466 argenteae
625 2383 738 2446 aetatis
754 2381 898 2447 obtineat
913 2382 1030 2466 locum,
1050 2391 1148 2468 atque
1163 2384 1209 2445 ita
1223 2390 1359 2466 tantum,
1375 2391 1412 2444 ut
1426 2383 1533 2466 paucis
1579 2392 1580 2429 ἐ

100 2507 103 2512 ·
151 2486 266 2566 dicam,
284 2487 369 2552 clare
386 2496 418 2550 et
433 2486 573 2550 dilucide
589 2486 815 2552 adumbratam
828 2486 978 2551 dictionis
990 2486 1186 2550 Iustinianae
1198 2485 1257 2550 sub
1271 2485 1378 2550 oculos
1391 2484 1532 2550 subicere
1579 2472 1581 2551 s

150 2614 319 2677 possumus
331 2593 514 2676 imaginem.
540 2595 590 2655 cui
601 2592 648 2655 rei
660 2601 696 2654 ut
708 2591 918 2673 consulerem,
930 2613 995 2655 non
1007 2589 1310 2680 solum‘Cioeronem
1322 2599 1354 2653 et
1366 2588 1533 2654 Caesarem
1579 2581 1581 2637 Ῐ

149 2697 181 2759 in
199 2698 472 2782 comparationem
486 2699 612 2778 vocavi,
629 2696 686 2760 sed
702 2696 896 2780 perlustravi
909 2696 1006 2759 etiam
1021 2716 1096 2758 cum
1112 2694 1191 2759 alios
1206 2704 1274 2760 tum
1285 2695 1428 2759 maxime
1438 2693 1532 2758 Sallu-

149 2803 245 2863 stium
259 2801 391 2863 Livium
407 2801 556 2864 Tacitum
576 2799 717 2881 Florum,
738 2823 780 2864 ex
800 2799 918 2886 quibus
938 2799 1148 2885 scriptoribus
1169 2797 1269 2862 multa
1289 2799 1368 2864 mihi
1388 2798 1534 2882 excerpsi
1579 2840 1581 2858 2

149 2903 307 2989 exempla.
339 2926 400 2967 1100
420 2905 543 2969 minore
565 2927 642 2968 cura
662 2904 858 2968 excutienda
878 2925 948 2966 esse
969 2903 1049 2968 duxi
1071 2902 1187 2983 lexiea,
1213 2905 1468 2979 commentarios,
1491 2905 1532 2964 in·
1579 2942 1581 2950 ι

148 3008 236 3075 dices
255 3005 453 3091 singulorum
473 3009 675 3093 scriptorum.
706 3007 795 3071 libris
817 3029 944 3092 quoque
964 3007 1005 3072 de
1026 3015 1094 3070 arte
1114 3009 1326 3090 grammatica
1347 3007 1532 3091 conscriptis

148 3110 237 3174 velut
249 3111 409 3196 Draegeri
424 3111 591 3176 Kuehneri
607 3111 778 3177 Schmalnii
790 3110 926 3174 aliorum
941 3133 993 3174 me
1009 3133 1080 3174 esse
1091 3132 1186 3174 usum
1196 3112 1254 3173 vix
1265 3132 1345 3196 opus
1358 3120 1407 3174 est
1419 3110 1532 3174 diserte

148 3237 409 3280 commemorare.
448 3237 553 3301 neque
575 3225 685 3279 tamen
708 3237 756 3299 ea,
781 3236 864 3300 quae
889 3214 976 3300 apud
999 3215 1069 3278 11100
1092 3213 1201 3278 adlata
1223 3216 1362 3298 repperi,
1386 3212 1532 3297 exempla

147 3329 266 3383 temere
282 3321 400 3405 recepi,
423 3318 490 3400 sed,
511 3341 552 3382 ne
569 3319 735 3384 crederem
750 3319 886 3384 aliorum
900 3321 1081 3384 testimonio
1098 3340 1195 3404 saepe
1211 3318 1327 3400 fallaci,
1343 3320 1413 3404 ipse
1429 3317 1531 3381 omnia

146 3424 275 3509 inspexi
290 3432 387 3510 atque
404 3426 597 3488 examinavi.
628 3446 870 3509 nonnumquam
893 3425 1001 3506 etiam,
1024 3423 1081 3488 ubi
1100 3426 1147 3487 rei
1166 3423 1301 3487 alicuius
1322 3423 1481 3506 gravitate
1500 3419 1530 3482 id
1579 3470 1581 3479 .

147 3528 325 3593 desiderari
340 3526 523 3610 videbatur,
542 3530 786 3593 constructionis
803 3528 970 3593 cuiusdam
985 3549 1079 3591 usum
1094 3549 1154 3613 per
1165 3549 1275 3591 omnes
1290 3526 1359 3590 fere
1371 3525 1530 3589 latinitatis
1579 3566 1581 3569 -

146 3643 268 3698 aetates
289 3640 478 3718 persecutus
498 3654 577 3696 sum.
609 3654 724 3718 neque,
745 3636 772 3695 si
791 3634 894 3696 rarior
914 3631 1074 3717 quaedam
1095 3631 1224 3696 obviam
1245 3630 1346 3695 fiebat
1361 3638 1528 3706 structura,

145 3740 177 3801 in
190 3737 257 3802 sola
270 3739 338 3801 eius
352 3738 651 3802 commemoratione
664 3737 821 3821 acquievi,
839 3736 906 3818 sed,
923 3745 1080 3820 quantum
1090 3745 1201 3821 utpote
1214 3738 1273 3799 1110
1285 3734 1443 3811 valebam,
1461 3753 1529 3796 eam
1579 3722 1581 3746 l

146 3841 311 3927 explicare
327 3850 538 3926 naturamque
559 3843 627 3905 eius
643 3841 792 3906 evolvere
809 3839 926 3903 studui.
958 3862 1022 3925 qua
1040 3843 1074 3903 in
1088 3861 1123 3903 re
1140 3861 1237 3924 saepe
1252 3839 1331 3903 mibi
1348 3840 1441 3923 copia
1456 3837 1528 3900 data
1579 3842 1581 3923 ᾖ

145 3955 195 4008 001
210 3944 409 4026 ostendendi,
426 3946 537 4030 quanti
553 3947 650 4009 etiam
665 3946 698 4008 in
713 3947 845 4030 syntaxi
860 3946 1014 4008 momenti
1029 3945 1079 4007 vis
1094 3953 1179 4007 esset
1194 3943 1370 4028 analogiae.
1394 3943 1528 4008 maxime
1579 3952 1580 3955 ’

144 4070 221 4114 vero
237 4051 270 4113 in
283 4071 319 4113 eo
336 4049 508 4130 elaboravi,
524 4057 560 4112 ut
576 4070 732 4133 eruerem,
749 4070 829 4133 quas
846 4050 1100 4112 constructiones
1112 4047 1253 4112 Iustinus
1268 4046 1497 4132 desumpsisset
1511 4066 1527 4105 e

145 4174 290 4218 sermone
306 4152 442 4237 vulgari.
474 4152 508 4215 id
524 4152 610 4237 quod
630 4152 815 4216 faciendum
831 4174 901 4216 0000
917 4151 996 4215 mihi
1012 4154 1116 4215 visum
1136 4161 1193 4233 est,
1214 4153 1354 4237 primum
1375 4153 1526 4237 quianon
1579 4191 1581 4195 ψ

143 4259 237 4343 parvi
251 4258 351 4321 refert
365 4256 487 4339 videre,
508 4265 665 4342 quatenus
686 4258 819 4342 quisque
836 4260 974 4342 scriptor
989 4266 1162 4341 argenteae
1177 4257 1293 4320 aetatis
1313 4255 1462 4320 habuerit
1481 4276 1526 4315 ra-

143 4364 262 4426 tionem
279 4362 433 4426 sermonis
448 4361 639 4445 vulgaris,u
618 4369 711 4446 utpot
713 4383 730 4424 e
755 4383 810 4445 qur
801 4361 912 4424 111101
899 4361 1098 4445 temporibus
1110 4361 1212 4445 magis
1224 4361 1392 4444 magisque
1403 4360 1455 4423 lat
1434 4369 1525 4423 tiores

143 4468 176 4529 in
196 4465 432 4584 progrediendo
453 4464 619 4530 describat
639 4464 785 4547 circulos,
810 4465 928 4529 deinde
949 4466 1025 4549 quia
1044 4487 1087 4528 ex
1109 4463 1227 4528 talibus
1251 4463 1403 4528 observat
1403 4461 1525 4527 ionibus
1579 4458 1581 4517 Ξ

143 4571 273 4656 aliquid,
298 4571 444 4671 quamvis
467 4579 551 4633 esset
572 4571 736 4654 exiguum,
759 4569 922 4634 redundat
909 4577 1016 4633 turum
1038 4591 1108 4633 esse
1124 4568 1296 4654 sperabam
1317 4569 1360 4633 ad
1376 4565 1524 4631 sermonis
