3225 5092
415 1259 886 1360 Buechelerus
932 1297 996 1358 in
1042 1295 1172 1358 fine
1215 1296 1789 1377 commentationiS,
1840 1317 1969 1380 qua
1998 1317 2168 1359 anno
2200 1293 2261 1357 h.
2292 1318 2344 1360 s,
2380 1296 2624 1360 LVIII.
2660 1300 2724 1360 in
2760 1296 3005 1360 “ll-lusus

218 1396 543 1462 Rhenano'
578 1398 660 1462 de
690 1398 765 1462 P.
798 1397 1044 1482 Nigidii
1075 1399 1291 1484 Figuli
1321 1400 1705 1484 fragmentis
1738 1399 2129 1484 quibusdam
2161 1401 2310 1483 egit,
2356 1400 2516 1464 haus
2564 1400 2756 1464 dixit:
2809 1400 3009 1484 ‘Missis

217 1501 336 1564 sich
401 1502 642 1566 endlich
703 1503 932 1566 einmal
993 1504 1454 1567 verwirklichen
1507 1505 1621 1567 der
1675 1503 1995 1589 mehrfach
2048 1506 2313 1590 yeheyte,
2380 1504 2576 1568 αἶ-ῑωᾞή
2632 1508 2829 1568 malm-s
2881 1508 3009 1568 uss!

216 1607 522 1671 darunter
561 1606 857 1694 treffliche
887 1607 1184 1672 Arbeite‘n
1225 1609 1592 1673 erleichterte
1626 1609 1797 1672 Plan
1829 1609 1997 1672 einer
2026 1608 2149 1671 alle
2179 1609 2548 1695 Fragments
2580 1612 3005 1696 ismfnsssstlss

217 1711 661 1798 Monoyraphie
697 1711 849 1775 ‘liber
880 1713 998 1776 den
1026 1715 1194 1776 ‘mehr
1224 1714 1565 1777 kenntniss-
1598 1714 1694 1776 als
1726 1715 2114 1798 qeistreichen
2146 1713 2348 1776 Manu
2372 1764 2564 1776 ......
2560 1720 2576 1760 ⁸
2580 1716 2596 1736 ²
2644 1716 2760 1776 ssd
2793 1728 3006 1799 uptam

215 1814 370 1880 haec
426 1818 538 1906 qui
596 1817 915 1902 expleret,
981 1840 1169 1883 nemo
1225 1818 1440 1883 adhuc
1496 1820 1774 1900 exstitit,
1834 1840 2227 1904 quamquam
2279 1820 2596 1900 nunnulli,
2655 1820 2833 1884 velut
2889 1824 3009 1884 isin

215 1942 375 1984 anno
407 1921 472 1985 h.
509 1945 557 1986 s.
589 1923 948 1987 XXXXV.
980 1922 1641 2009 Menzeliusquidam
1687 1924 1753 1986 in
1798 1921 2027 1987 litteris
2059 1923 2145 1987 ad
2174 1923 2364 1988 Mart.
2407 1928 2736 1988 Hsrtsium
2785 1928 3013 2004 missis,

218 2023 336 2088 Ios.
377 2025 682 2090 Kleinius
728 2029 793 2091 in
853 2028 1362 2113 ‘quaestionibus
1408 2027 1795 2111 Nigidianis'
1853 2050 2020 2092 anno
2065 2026 2556 2092 MDCCCLXI.
2608 2028 2797 2092 salitis
2845 2052 2905 2112 p.
2961 2032 3017 2092 T.

217 2150 278 2192 se
330 2130 398 2194 in
454 2132 701 2215 ingenii
760 2132 930 2196 illius
987 2135 1110 2197 viri
1164 2135 1333 2197 inter
1378 2133 1705 2196 Romanos
1759 2135 1943 2196 iuxta
1989 2133 2352 2197 Varronem
2400 2132 2752 2196 [iustissimi
2801 2156 3009 2196 munu-

218 2237 446 2299 mentis
493 2237 923 2320 congerendis
971 2237 1389 2323 disponendis
1435 2236 1834 2300 illustrandis
1880 2239 2127 2301 versari
2172 2237 2444 2322 professi
2492 2248 2656 2300 sunt.
2720 2240 3013 2300 nimirum

215 2337 524 2424 reliquiae
552 2339 943 2423 Nigidianae
983 2364 1101 2427 pro
1143 2341 1553 2405 multitudine
1599 2340 1933 2425 librorum,
1984 2364 2143 2427 quos
2182 2341 2287 2405 ille
2327 2344 2604 2428 ssripsit,
2652 2364 3013 2424 psrpsursi·

215 2463 456 2528 eaeque
498 2447 852 2509 maximam
891 2456 1142 2531 partem
1181 2447 1598 2509 tenuissimae
1641 2456 1809 2527 sunt,
1852 2454 1923 2508 ut
1961 2448 2079 2509 vix
2117 2449 2305 2509 unius
2348 2468 2380 2508 s
2422 2448 2636 2508 multis
2680 2448 2805 2508 illis
2837 2448 3017 2508 libi-is

217 2558 672 2630 argumentum
719 2561 1023 2613 accurate
1072 2550 1608 2615 circumscribere
1655 2552 1861 2635 possis
1908 2571 2141 2635 neque,
2189 2552 2241 2613 si
2287 2552 2352 2613 in
2392 2552 2760 2633 psstsrisris
2793 2556 3021 2612 astatis

216 2653 640 2738 scriptoribus
683 2652 1016 2718 doctrinae
1058 2655 1445 2739 Nigidianae
1485 2655 1763 2738 vestigia
1807 2654 2121 2738 indagare
2167 2653 2348 2736 velis,
2398 2656 2520 2716 nisi
2568 2660 2616 2716 si
2664 2656 3017 2736 frag-*nisius

215 2756 742 2840 ipsius-auctoris
789 2781 1022 2824 nomen
1068 2760 1363 2824 additum
1409 2762 1512 2842 sit,
1561 2758 1826 2840 habeaS,
1876 2758 1990 2822 ubi
2036 2768 2172 2822 tuto
2216 2759 2452 2844 pedum
2496 2784 2716 2844 psnss.
2809 2784 3017 2844 usquw

215 2882 325 2924 cur
371 2872 512 2926 tam
563 2886 777 2948 pauca
822 2865 1186 2949 fragmenta
1241 2865 1326 2928 ad
1379 2887 1496 2928 nos
1553 2865 1999 2951 pervenerint,
2060 2886 2256 2927 causa
2311 2865 2376 2928 in
2432 2864 2708 2928 sbssurs
2756 2868 2905 2944 serit,
2965 2872 3013 2924 si

217 2971 588 3051 respexeris
638 2991 744 3051 ea,
802 2992 966 3055 quae
1011 2968 1258 3034 Gellius
1298 2969 1486 3033 Noct.
1521 2969 1657 3033 Att.
1691 2968 1982 3054 XVIIII,
2021 2969 2119 3050 14,
2154 2969 2213 3050 3,
2263 2990 2384 3053 qun
2432 2968 2572 3032 loss
2612 2968 2853 3052 Nigidii
2913 2972 3013 3028 nl·-

219 3075 591 3136 scuritatem
639 3074 1190 3160 subtilitatemque
1228 3076 1642 3160 vituperavit,
1692 3075 1885 3138 dixit:
1936 3079 2105 3137 ‘cum
2135 3074 2444 3138 Varronis
2492 3072 2752 3156 quid-sm
2805 3096 2993 3136 muns

218 3187 434 3240 menta
480 3200 698 3242 rerum
745 3201 823 3243 ac
871 3178 1377 3265 disciplinarum,
1427 3201 1594 3265 quae
1642 3202 1763 3265 per
1805 3179 2053 3243 litteras
2101 3178 2516 3260 condidisset,
2564 3180 2628 3240 in
2676 3180 3013 3264 propatulo

218 3279 673 3367 frequentique
737 3294 861 3347 usu
928 3284 1280 3367 ferrentur,
1349 3284 1735 3367 Nigidianas
1797 3284 2368 3348 commentationes
2432 3308 2560 3348 nun
2624 3284 2889 3368 {Ji-simle
2961 3288 3013 3344 ἰιι

221 3385 444 3469 volgus
493 3387 714 3450 exire'.
808 3397 872 3450 et
915 3391 1272 3452 rectissime
1320 3389 1628 3452 Hertzius
1673 3391 1739 3452 in
1784 3387 2031 3470 libello,
2089 3410 2281 3472 quem
2326 3412 2492 3452 annu
2540 3388 2600 3452 h.
2640 3412 2684 3452 s.
2728 3388 3013 3452 XXXV.

220 3488 316 3552 ‘de
372 3491 448 3555 P.
498 3491 743 3574 Nigidii
803 3493 1020 3576 Figuli
1085 3493 1311 3556 studiis
1374 3503 1569 3578 atque
1638 3492 1960 3578 operibus'
2028 3494 2436 3577 conscripsit,
2496 3516 2552 3576 p.
2612 3492 2696 3556 45
2756 3492 3017 3576 Nigidii„

222 3598 518 3679 quamvis
551 3596 957 3661 doctissimus
989 3597 1204 3679 fuerit,
1247 3600 1543 3682 quamvis
1577 3599 1860 3661 omnium
1896 3596 2031 3660 fere
2064 3597 2440 3660 eruditionis
2472 3596 2793 3660 humanas
2837 3596 3016 3660 disi-i-

220 3700 544 3783 plinarum
594 3723 854 3786 gnarus,
904 3701 1250 3767 obscuram
1298 3704 1502 3765 vitam
1552 3703 1751 3766 fuisse
1800 3704 1909 3785 ait,
1968 3701 2404 3766 obscuriorem
2456 3704 2853 3780 mem-stiam,
2901 3704 3013 3760 lun·

219 3814 430 3871 tamen
465 3809 575 3891 ita,
624 3816 696 3870 ut
736 3829 1051 3872 summam
1090 3807 1422 3871 doctrinae
1460 3807 1702 3870 famam
1742 3808 2069 3870 retineret.
2159 3828 2258 3869 me
2300 3827 2572 3890 qus-qus,
2620 3828 2765 3868 trinu
2809 3808 3013 3868 sumi„

220 3908 459 3993 Nigidii
518 3911 886 3996 fragmenta
942 3912 1155 3975 denuo
1211 3921 1356 3996 post
1401 3912 1730 3996 Rutgersii
1776 3911 2093 3997 syllogam
2141 3933 2308 3974 anno
2356 3912 2806 3976 MDCXUHL
2857 3912 2997 3984 Lus·

222 4013 370 4079 duni
425 4016 830 4080 Batavorum
886 4017 952 4079 in
1001 4016 1365 4080 ‘Variarum
1421 4016 1786 4080 lectionum’
1843 4015 1883 4079 l.
1926 4016 2046 4079 ΙΙΙ.
2092 4037 2233 4099 cap.
2275 4015 2460 4080 XVI.
2508 4020 2596 4100 [Ρ.
2648 4016 3017 4076 {affl-„susi

224 4118 457 4186 editam
506 4120 872 4204 colligenda
918 4121 1306 4204 corrigenda
1353 4120 1716 4185 enarranda
1758 4122 2176 4207 susciperem,
2226 4141 2360 4204 spe,
2412 4144 2536 4204 qus
2584 4143 2889 4201 magnum
2941 4144 3013 4180 vs

222 4221 338 4287 hac
396 4246 599 4311 opera
652 4225 938 4289 fructum
993 4225 1078 4289 ad
1132 4225 1491 4290 litterarum
1537 4225 1978 4289 Romanarum
2034 4225 2364 4288 historiam
2420 4224 2789 4288 rsdundsrs
2837 4248 3017 4308 pissa-

224 4329 518 4412 opinatus
575 4352 745 4412 sum,
803 4329 1042 4394 falsum
1099 4352 1240 4394 esse
1300 4330 1629 4393 confiteor.
1721 4329 2027 4393 nonnulla
2072 4339 2294 4391 tamen
2340 4340 2448 4392 sut
2496 4332 2600 4404 iis,
2660 4348 2825 4412 quas
2877 4352 3013 4388 vum

224 4430 324 4495 alii
364 4444 510 4497 tum
547 4432 852 4500 Hertzius
898 4437 963 4497 in
1007 4437 1540 4499 commentatione
1583 4434 1713 4516 illa,
1774 4455 1903 4519 qua
1954 4435 2290 4497 materiam
2327 4436 2724 4520 propositam
2765 4444 3013 4496 tantum

225 4556 342 4601 non
387 4538 721 4621 exhausit,
774 4541 1184 4620 invenerant,
1241 4538 1546 4602 addenda
1601 4548 1714 4602 aut
1770 4538 2151 4622 corrigenda
2205 4539 2444 4600 inveni.
2540 4540 2620 4600 ds
2680 4540 2777 4600 his
2829 4540 3001 4616 ipim*

227 4644 583 4706 accuratius
615 4665 960 4728 exponam,
1003 4665 1080 4706 ea
1120 4652 1357 4725 autem,
1400 4665 1567 4728 quae
1599 4645 1730 4707 iam
1760 4641 1888 4724 alii,
1931 4644 2225 4727 inprimis
2258 4642 2580 4724 Hsrtsius,
2628 4640 2708 4704 ds
2752 4644 3017 4720 sing-ulis

2640 4764 2700 4812 1ss
