3225 5092
82 236 145 303 218

186 429 281 495 Idem
297 438 394 516 atque
406 428 569 495 Hinckius
586 430 627 493 de
640 430 752 494 codice
764 430 775 492 1
786 432 888 495 666611
898 430 937 495 R.
951 428 1180 513 Schneiderus,¹
1200 430 1256 513 qui
1270 431 1304 493 in
1316 450 1390 493 ann.
1402 426 1481 517 phil.

84 534 178 599 OXV
193 535 255 597 441
273 556 343 621 sqq.
374 536 396 600 J
397 533 484 599 ahnii
501 534 642 598 editione
658 534 771 617 altera,
787 535 829 598 16
845 557 909 619 qua
924 534 1020 621 paulo
1038 542 1113 597 ante
1125 534 1204 617 dixi,
1225 534 1315 597 nisus
1336 532 1377 598 de
1397 531 1483 597 codi-

83 660 157 703 cum
183 638 437 725 Sophocleorum
469 640 591 723 origine
623 641 737 724 paucis
768 638 913 723 quidem,
947 638 1004 703 sed
1036 639 1166 722 egregie
1194 636 1353 701 disseruit.
1389 636 1482 701 annis

83 742 294 807 rste-1881
308 744 347 808 L.
361 741 582 828 Campbellius
594 741 762 828 Sophoclis
774 742 902 807 fabulas
914 751 947 805 et
958 743 1157 828 perditarum
1168 740 1351 826 fragmenta
1362 738 1483 805 Oxonii

82 847 193 930 edidit,
210 857 382 934 postquam
398 848 548 912 codicum
565 846 644 911 alios
660 846 766 911 denuo
781 855 865 911 totos
882 846 1023 929 contulit,
1040 846 1118 911 alios
1134 867 1254 932 eosque
1274 844 1369 930 longe
1385 844 1483 931 pluri·

83 973 152 1015 mos
172 952 306 1036 singulis
326 950 406 1015 locis
425 952 577 1035 inspexit.
608 951 641 1013 in
662 951 711 1016 his
727 951 813 1035 lest,
834 972 877 1013 61
893 971 955 1035 quo
972 948 1192 1037 Campbellius
1208 949 1407 1035 Antigonam
1427 972 1482 1014 ex-

82 1057 192 1140 cussit,
203 1055 237 1119 in
250 1057 366 1119 ceteris
378 1055 497 1121 fabulis
510 1057 556 1118 eis
568 1076 656 1139 usus,
669 1076 753 1139 quae
766 1054 939 1119 Elmsleius
951 1054 992 1119 de
1008 1054 1071 1119 hoc
1086 1054 1169 1120 libro
1181 1055 1359 1120 rettulerat.
1382 1053 1482 1119 nihilo

82 1162 189 1225 minus
205 1159 258 1223 ille
274 1162 307 1223 in
323 1162 380 1242 eis,
397 1180 481 1244 quae
497 1157 623 1245 Oedipo
640 1158 779 1223 Ooloneo
795 1158 961 1246 praefatus
981 1168 1031 1223 est
1047 1159 1123 1246 (vol.
1137 1159 1163 1243 I,
1180 1182 1211 1245 p.
1224 1158 1314 1246 284),
1336 1159 1482 1223 codicem

82 1264 94 1327 l
108 1266 141 1329 in
156 1264 218 1328 hac
235 1262 491 1349 (161161111611616
505 1286 569 1328 non
585 1286 628 1327 ex
640 1264 667 1326 L
678 1263 820 1350 pendere
836 1262 956 1328 docuit.
980 1265 1098 1329 mirum
1114 1273 1223 1330 autem
1237 1263 1378 1346 videtur,
1394 1261 1482 1349 quod

83 1367 303 1454 Oampbellius
318 1370 351 1432 in
368 1368 499 1432 Electra
513 1367 625 1433 Jahnii
641 1368 782 1432 editione
797 1369 927 1433 omnino
943 1390 1020 1433 usus
1036 1390 1101 1434 non
1118 1377 1175 1434 est.

185 1474 256 1537 Iam
276 1473 383 1537 omnia
403 1472 445 1536 ab
463 1494 515 1536 me
531 1475 678 1557 exposita
698 1493 769 1536 esse
784 1482 873 1558 puto,
890 1494 974 1558 quae
989 1474 1051 1537 viri
1066 1472 1154 1537 docti
1170 1473 1211 1537 de
1227 1470 1341 1536 codice
1357 1468 1368 1533 1
1385 1470 1481 1534 11666-

81 1586 225 1642 ruerunt.
250 1598 329 1663 quos
345 1599 420 1640 cum
432 1575 509 1640 alios
521 1576 614 1641 aliter
630 1576 670 1639 de
686 1597 725 1641 eo
736 1575 882 1641 iudicare
892 1576 1126 1642 intellexissem
1137 1577 1279 1663 mihique
1291 1597 1483 1661 persuasum

82 1691 166 1745 esset
182 1683 435 1745 controversiam
450 1680 537 1745 illam
550 1680 590 1745 de
604 1681 753 1746 codicum
765 1681 1019 1768 Sophocleorum
1035 1682 1158 1767 origine
1173 1683 1234 1747 nisi
1246 1680 1424 1765 codicibus,
1440 1678 1482 1743 ’(16

82 1786 199 1873 quibus
218 1788 339 1870 agitur,
360 1787 435 1849 totis
456 1784 580 1850 66116116
599 1794 632 1849 61
652 1787 809 1851 varietate
831 1788 1009 1873 scripturae
1035 1785 1206 1870 diligenter
1230 1807 1394 1872 perpensa
1417 1809 1482 1851 uon

81 1913 176 1977 posse
196 1893 242 1955 ita
262 1889 379 1973 dirimi,
400 1898 436 1952 ut
450 1889 531 1953 nihil
548 1888 639 1953 dubii
659 1889 870 1976 relinquatur,
892 1890 1039 1956 codicem
1058 1890 1149 1955 illum
1168 1900 1322 1956 excutere
1339 1900 1381 1975 et,
1399 1913 1481 1977 quae

81 1998 162 2060 16116
177 1997 261 2059 16161
273 2016 346 2059 6616
364 2002 397 2057 61
413 1994 560 2058 codicem
575 1993 601 2055 L
617 1994 811 2076 intercedat,
828 1995 992 2080 exphcare
1014 1997 1174 2061 constitui.
1206 1995 1293 2081 quod
1313 1994 1483 2060 consilium

81 2109 118 2165 ut
133 2121 340 2185 exsequerer,
356 2099 500 2162 virorum
516 2098 767 2163 clarissimorum
782 2098 890 2164 Caroli
907 2098 1075 2165 Schenklii
1092 2109 1124 2164 et
1140 2098 1293 2164 Guilelmi
1308 2098 1350 2165 ab
1368 2099 1483 2163 Hartel

58 2260 60 2264 .
81 2203 274 2269 liberalitate
294 2211 392 2287 atque
413 2203 518 2286 gratia
537 2203 660 2280 facturn
682 2213 740 2266 661.
771 2205 879 2288 itaque
900 2212 1023 2268 aestate
1043 2205 1119 2268 anni
1135 2202 1481 2270 MDOOOLXXXVI.

82 2307 278 2372 Florentiam
302 2307 466 2393 profectus
493 2307 604 2391 ibique
628 2308 709 2372 duos
732 2330 860 2372 menses
889 2316 1103 2374 commoratus
1127 2310 1214 2373 hunc
1235 2307 1355 2373 librum
1377 2317 1481 2373 totum

82 2414 222 2477 excussi.

182 2516 310 2597 Quodsi
325 2517 397 2601 quis
414 2526 558 2601 quaerat,
572 2517 690 2602 quade
703 2539 801 2581 causa
813 2516 1111 2604 huncpotissimum
1119 2515 1266 2582 codicem
1279 2518 1479 2601 contulerim,

83 2642 135 2685 me
151 2629 325 2707 propterea
340 2620 373 2685 id
389 2621 506 2685 1661666
521 2621 746 2707 respondeam,
762 2621 849 2706 quod
865 2620 1062 2687 nullomodo
1078 2623 1221 2687 16161616
1232 2644 1302 2685 6666
1314 2621 1481 2707 putabam,

82 2734 117 2789 ut
139 2748 208 2790 rem
227 2748 358 2811 prorsus
381 2724 528 2789 inutilem
550 2728 732 2811 suscepisse
755 2725 896 2790 viderer.
927 2726 1009 2791 haec
1033 2726 1119 2790 enim
1140 2725 1337 2810 cogitabam:
1359 2728 1479 2812 6111111-

82 2829 203 2894 dorfius
218 2832 286 2894 iure
304 2829 449 2894 codicem
465 2829 476 2891 l
492 2852 534 2893 ex
555 2830 667 2894 codice
687 2832 908 2915 antiquissimo
930 2832 999 2916 ipso
1016 2830 1149 2895 ductum
1165 2852 1235 2895 esse
1256 2833 1376 2914 statuit,
1397 2832 1481 2895 liber

81 2933 135 2997 ille
158 2933 211 2997 vel
240 2942 413 3020 propterea
440 2932 558 3018 dignus
582 2942 640 3019 est,
670 2936 724 3018 qui
745 2934 932 3018 diligentius
953 2935 1165 3016 examinetur,
1186 2945 1222 2999 ut
1244 2935 1479 3020 intellegamus,

81 3060 162 3122 quas
177 3040 355 3123 scripturas
371 3060 410 3103 ea
421 3047 527 3103 aetate
543 3037 731 3124 praebuerit
744 3040 850 3102 codex
863 3039 899 3118 L,
912 3062 977 3124 qua
992 3039 1003 3101 1
1019 3060 1111 3102 exeo
1128 3038 1308 3125 descriptus
1324 3048 1386 3121 est3
1403 3064 1480 3105 nam

80 3146 114 3207 in
131 3144 158 3206 L
173 3143 350 3229 permultas
370 3144 548 3229 scripturas
568 3145 717 3228 antiquas
738 3144 876 3207 saeculis
898 3144 1029 3207 demum
1048 3145 1159 3228 quinto
1181 3144 1306 3208 decimo
1328 3144 1380 3209 vel
1396 3144 1479 3210 adeo

81 3256 171 3312 sexto
193 3248 318 3312 decimo
335 3249 520 3311 immutatas
542 3268 613 3311 esse
633 3249 717 3311 inter
732 3269 844 3311 omnes
860 3256 994 3313 constat.
1027 3251 1076 3313 sin
1092 3249 1282 3314 Dindortius
1297 3251 1413 3315 iniuria
1430 3272 1480 3315 co-

82 3353 189 3416 dicem
204 3352 216 3414 l
232 3351 475 3438 ‘apographum'
494 3352 614 3415 codicis
631 3351 657 3413 L
674 3374 745 3415 esse
762 3353 937 3435 contendit,
958 3362 1091 3438 propter
1110 3353 1144 3416 id
1164 3354 1270 3438 ipsum
1289 3354 1342 3418 ille
1363 3354 1480 3439 dignus

81 3466 139 3535 est,
157 3459 211 3541 qui
227 3458 412 3520 accuratius
428 3456 631 3541 exploretur,
652 3479 728 3520 nam
744 3479 818 3521 cum
834 3457 1025 3521 Dindorfius
1040 3457 1140 3521 libros
1156 3459 1352 3522 recentiores
1368 3481 1480 3523 omnes

82 3583 124 3625 cx
141 3561 167 3623 L
182 3562 339 3643 originem
353 3563 492 3625 traxisse
508 3560 706 3644 adfirmaret,
723 3564 843 3626 certius
859 3572 967 3626 tamen
982 3564 1109 3646 putavit
1125 3562 1166 3626 de
1182 3561 1193 3623 1
1209 3585 1243 3627 66
1259 3562 1368 3626 166616
1384 3585 1479 3648 posse

80 3666 245 3730 iudicium.
273 3665 402 3750 quodsi
418 3663 535 3730 falsum
553 3687 623 3730 esse
637 3666 887 3751 demonstratur,
903 3668 968 3730 iam
983 3688 1116 3731 necesse
1133 3676 1181 3730 661
1197 3668 1294 3731 etiam
1310 3669 1478 3751 sententia,

81 3792 179 3856 quam
193 3769 246 3833 ille
258 3770 300 3834 de
313 3771 428 3833 ceteris
445 3770 613 3834 codicibus
630 3770 772 3856 protulit,
789 3772 815 3834 si
830 3794 895 3835 non
910 3773 943 3833 in
959 3771 1117 3853 omnibus,
1137 3780 1171 3835 at
1185 3781 1294 3836 tamen
1309 3772 1341 3833 in
1357 3771 1480 3857 aliquot

81 3877 150 3939 eius
166 3874 253 3939 modi
267 3873 358 3939 libris
374 3873 598 3938 labefactetur.

184 3979 244 4042 His
265 3979 450 4064 praemissis
471 3979 536 4041 iam
556 4000 665 4043 meum
685 4002 755 4043 esse
775 3989 863 4065 pute,
883 3990 919 4044 ut
938 3981 979 4045 de
997 3979 1106 4045 codice
1122 3981 1134 4043 1
1149 3982 1219 4065 ipso
1234 4001 1341 4065 pauca
1357 3982 1390 4044 in
1406 3982 1474 4045 uni-

80 4106 211 4148 versum
226 4105 415 4170 proponam.
442 4082 659 4169 bombycinus
676 4094 734 4169 est,
751 4085 880 4149 saeculo
896 4086 1148 4170 quartodecimo
1165 4092 1324 4149 exaratus.
1353 4095 1481 4151 constat

81 4189 164 4253 foliis
172 4188 245 4271 265,
259 4210 396 4274 quarum
406 4188 466 4251 141
477 4188 636 4273 prioribus
649 4200 774 4275 septem
785 4189 916 4256 fabulae
928 4190 1134 4276 Euripideae,
1147 4211 1230 4275 quae
1243 4201 1317 4254 sunt
1327 4190 1478 4274 Hecuba,

81 4293 222 4378 Orestes,
244 4294 370 4369 Medea,
391 4292 598 4377 Phoenissae,
622 4293 773 4372 Alcestis,
794 4294 1035 4376 Andromacha,
1060 4294 1268 4381 Hippolytus,
1288 4294 1415 4359 Rhesus
1432 4294 1477 4382 (v.

83 4398 234 4483 1—714),
259 4399 374 4461 ceteris
397 4406 522 4484 septem
546 4396 717 4482 Sophoclis
740 4398 869 4463 fabulae
892 4401 1096 4463 continentur
1111 4398 1173 4464 hoc
1189 4400 1316 4465 ordine:
1336 4399 1425 4464 Aiax
1441 4398 1478 4487 (1.

83 4501 330 4588 1436-16011),
347 4502 477 4566 Electra
494 4502 528 4587 (f.
545 4501 795 4587 160b-177b),
817 4501 962 4589 Oedipus
978 4502 1050 4566 Rex
1067 4502 1102 4588 (1.
1119 4503 1478 4591 11111-19111),Α1111-

81 4626 167 4690 gona
194 4606 504 4691 (1.19111-2126),
531 4594 712 4671 Philocteta
738 4605 774 4693 (f.
795 4606 1050 4692 2126-21811),
1080 4606 1226 4694 Oedipus
1253 4608 1413 4674 Coloneus
1441 4608 1477 4698 (1.
