3225 5092
1423 156 1492 237 ‘ro
1604 186 1605 189 Ν

95 365 147 430 ille
167 363 262 429 verbi
278 363 418 430 ‘deflere’
435 387 512 430 usus
532 363 699 430 offensioni
720 365 802 430 fuit?
830 365 888 430 sed
907 367 973 429 iam
992 365 1035 429 ad
1055 387 1127 430 eam
1149 387 1229 449 rem,
1249 366 1337 430 unde
1357 366 1494 451 digressi

95 491 216 552 sumus,
231 471 355 536 reversi
367 490 468 534 unum
483 477 653 555 praeterea
664 468 801 535 verbum
818 489 1118 535 commemoremus:
1133 469 1393 553 indolescere,
1410 470 1495 556 quod
1604 498 1605 501 ¹

95 573 135 638 de
151 577 294 660 corporis
311 573 422 640 dolore
438 573 556 639 dicitur
573 573 623 656 12,
640 574 691 660 13,
704 574 724 638 9
741 577 788 639 ‘ut
803 573 926 639 ferrum
941 575 974 639 in
989 573 1134 639 remedia
1149 583 1297 660 posceret
1308 583 1494 661 tactumque
1604 568 1605 627 l

93 679 261 744 hominum
277 679 368 743 velut
386 679 523 744 vulnera
537 677 773 746 indolesceret'.
801 680 888 765 quod
908 680 955 744 sic
970 681 1109 766 positum
1129 679 1217 744 haud
1232 678 1328 745 facile
1348 679 1426 744 alibi
1441 678 1494 743 de·
1603 734 1605 749 ,

93 782 289 868 prehendas.
320 806 397 848 nam
411 783 533 869 ubique
549 805 587 848 eo
602 792 737 848 utuntur
752 785 927 870 scriptores
942 783 1091 848 meliores
1107 805 1205 848 sensu
1219 782 1374 849 translato
1391 793 1424 847 et
1437 782 1493 848 ab·
1604 776 1605 841 j

93 889 208 954 solute.
233 889 457 953 accusativum
470 887 646 953 admittunt
656 897 782 973 poetae,
799 887 890 953 velut
900 887 963 955 Ov.
973 888 1048 952 Met.
1058 887 1089 972 2,
1101 888 1165 952 469
1181 888 1225 952 ‘id
1239 891 1345 975 ipsum
1360 887 1495 952 indoluit

92 993 184 1059 Iuno'
203 1001 236 1057 et
256 994 430 1079 scriptores
451 995 644 1079 posteriores
664 992 755 1058 velut
768 991 893 1058 Arnob.
912 994 941 1076 1,
959 993 1000 1057 63
1021 992 1058 1058 R.
1076 995 1151 1057 ‘non
1171 993 1329 1058 humanas
1348 994 1494 1059 miserias

94 1096 322 1164 indolescens'.
465 1163 471 1177 ‚

199 1201 271 1267 Iam
286 1202 320 1266 in
336 1200 531 1287 explicando
547 1203 726 1266 accusativi
740 1201 900 1266 transitivi
920 1223 981 1265 usu
1002 1200 1045 1267 ad
1060 1202 1190 1266 tertium
1204 1201 1378 1266 verborum
1392 1224 1495 1286 genus

94 1307 262 1392 pervenio,
283 1305 325 1370 ad
345 1328 385 1372 ea
405 1305 488 1387 dico,
509 1326 592 1390 quae
613 1328 687 1371 cum
709 1304 998 1391 praepositionibus
1020 1308 1196 1391 composita
1216 1316 1291 1370 sunt
1310 1306 1446 1392 ideoque
1461 1307 1495 1369 vi

11 1457 12 1462 η
95 1411 269 1476 transitiva
283 1419 420 1496 accepta
440 1409 603 1475 obiectum
618 1411 652 1474 in
672 1432 751 1474 casu
766 1419 880 1495 quarto
895 1409 1035 1494 positum
1051 1408 1246 1475 desiderant.
1278 1434 1317 1475 ac
1332 1413 1494 1498 praeposi-

94 1517 209 1598 tiones,
232 1513 427 1600 quibuscum
442 1517 511 1580 eius
526 1515 613 1580 modi
628 1514 731 1579 verba
746 1513 834 1599 apud
849 1514 1008 1578 Iustinum
1024 1517 1207 1580 consociata
1221 1517 1413 1600 invenimus,
1433 1515 1495 1579 hae
1604 1550 1605 1555 κ

95 1629 184 1684 sunt:
200 1617 264 1700 ‘ab,
280 1618 332 1696 ad,
350 1628 436 1700 ante,
452 1619 585 1704 circum,
602 1641 673 1701 oon,
690 1618 741 1702 de,
758 1639 811 1700 ex,
827 1619 871 1700 in,
887 1617 938 1695 ob,
955 1640 1023 1704 per,
1040 1641 1129 1703 prae,
1145 1628 1284 1704 praeter,
1301 1620 1372 1702 sub,
1385 1642 1493 1705 super,

11 1739 12 1744 ’
94 1724 207 1788 trans'.
244 1744 422 1809 quaerero
446 1732 572 1788 tantum
594 1747 614 1788 a
637 1724 794 1809 scriptore
818 1733 892 1787 ante
916 1723 1163 1805 substantivum,
1187 1723 1273 1808 quod
1297 1725 1399 1789 verbo
1422 1725 1494 1790 sub·
1604 1716 1605 1773 ]

11 1811 12 1894 J
95 1829 251 1912 iungitur,
267 1830 435 1892 iterantur.
465 1827 639 1892 verborum
659 1836 768 1892 autem
788 1827 882 1891 huius
901 1828 1030 1910 generis
1051 1835 1222 1913 structura,
1243 1828 1362 1914 quibus
1384 1829 1495 1914 pleris-
1579 1826 1605 1903 χ

97 1955 159 2020 que
171 1941 280 1997 motus
293 1932 485 2016 significatio
495 1934 581 1996 inest
591 1970 635 1979 —
645 1954 722 1996 nam
737 1953 844 2017 pauca
855 1940 979 1995 tantum
997 1930 1140 2017 (abnuo,
1153 1931 1318 2017 adloquor,
1330 1955 1493 2019 expugno,
1604 1928 1605 1951 ³

96 2038 269 2124 impugno,
293 2035 439 2118 obsideo,
463 2035 640 2122 oppugno')
664 2038 780 2121 quietis
803 2045 923 2100 statum
946 2036 1128 2119 significant
1152 2075 1202 2120 -—,
1226 2035 1325 2102 multo
1347 2041 1453 2102 minus
1475 2061 1495 2102 a

99 2142 450 2228 praestantissimorum
463 2143 656 2226 scriptorum
673 2162 819 2204 sermone
831 2140 954 2204 recedit
967 2158 1065 2226 quam
1076 2162 1197 2224 eorum,
1214 2140 1384 2227 dequibus
1397 2165 1495 2227 supra
1604 2138 1605 2157 ¹

11 2331 15 2339 ¹
99 2246 301 2332 disputatum
316 2254 378 2326 est3
394 2246 491 2310 immo
507 2246 541 2308 in
556 2249 675 2310 maiore
691 2244 805 2309 horum
822 2244 997 2310 verborum
1010 2267 1143 2309 numero
1160 2246 1299 2327 easdem,
1319 2267 1402 2331 quae
1417 2249 1495 2332 opti·
1604 2234 1605 2315 l

11 2349 13 2354 ’
99 2372 171 2414 mae
192 2350 359 2415 latinitatis
374 2349 573 2434 temporibus
593 2349 862 2431 observabantur,
883 2349 972 2433 leges
993 2351 1137 2435 sequitur
1152 2350 1304 2414 Iustinus.
1335 2359 1367 2413 et
1386 2372 1494 2436 quam·
1604 2382 1605 2453 3

15 2469 16 2472 ’
100 2475 196 2540 quam
217 2453 383 2536 nonnulla,
403 2453 520 2540 quibus
537 2452 650 2519 Cicero
671 2461 703 2518 et
723 2453 843 2519 Caesar
862 2455 1084 2518 accusativum
1104 2455 1247 2519 nondum
1266 2455 1493 2537 adiunxerrmt,
1604 2462 1605 2479 l

101 2581 175 2623 eum
190 2580 229 2622 eo
246 2560 419 2623 coniuncta
433 2558 578 2643 legimus,
600 2567 846 2644 praecesserunt
865 2567 974 2622 tamen
989 2558 1178 2643 plerumque
1193 2558 1256 2622 hac
1276 2561 1309 2622 in
1328 2581 1363 2623 re
1379 2558 1495 2624 Corne·

98 2661 157 2727 lius
169 2664 282 2748 Nepos
298 2662 468 2728 Sallustius
481 2663 605 2728 Livius.
634 2664 731 2727 etiam
746 2664 911 2748 passivam
927 2662 1196 2727 constructionem
1213 2664 1378 2749 complura
1392 2663 1495 2728 verba

99 2765 289 2849 admittunt,
313 2777 426 2853 atque,
449 2769 476 2832 si
498 2767 635 2833 verbum
659 2767 870 2853 ‘praevenire'
894 2767 1079 2851 exceperis,
1102 2765 1170 2849 illa,
1195 2789 1277 2853 quae
1300 2768 1343 2832 ab
1366 2769 1494 2854 optimis

99 2893 228 2958 quoque
244 2872 456 2959 scriptoribus
472 2875 519 2936 sic
534 2881 745 2958 usurpantur:
767 2873 1024 2953 ‘circumvenire,
1045 2871 1274 2957 conscendere,
1295 2893 1493 2957 expugnare,
1603 2948 1604 2951 Ἴ

22 2973 23 2976 '
99 2977 303 3064 impugnare,
324 2977 414 3061 inire,
436 2976 596 3058 obsidere,
617 2998 817 3063 oppugnare,
837 2975 1034 3060 praeterire'.
1065 2975 1186 3043 addere
1201 2979 1259 3041 vix
1279 2999 1359 3062 opus
1379 2986 1429 3040 est
1444 2999 1495 3040 ac-

101 3084 283 3146 cusativum
305 3091 339 3147 et
362 3102 520 3168 personae
544 3091 576 3146 et
597 3084 645 3146 rei
664 3103 735 3146 esse
755 3103 859 3167 posse.
890 3081 939 3144 his
959 3082 1058 3165 igitur
1077 3081 1111 3143 in
1131 3083 1319 3146 universum
1338 3080 1433 3145 dictis
1452 3081 1495 3144 ad
1603 3164 1604 3167 Ἴ

101 3184 228 3269 singula
243 3194 455 3267 transeamus,
471 3207 555 3271 quae
570 3188 616 3250 ita
631 3195 772 3250 tractare
787 3185 876 3249 haud
890 3185 933 3249 ab
949 3206 984 3247 re
999 3205 1069 3248 esse
1085 3183 1179 3268 duco,
1199 3195 1235 3249 ut
1250 3207 1289 3249 ea
1303 3184 1405 3249 verba
1420 3206 1495 3248 cum

19 3375 20 3378 Ἴ
101 3291 288 3355 accusativo
307 3291 431 3374 iuncta,
456 3312 540 3376 quae
559 3289 754 3374 elegantium
775 3291 966 3374 scriptorum
985 3287 1137 3374 loquendi
1157 3289 1380 3352 consuetudini
1399 3289 1494 3373 plane

101 3402 293 3478 congruunt,
309 3393 454 3460 breviter
464 3393 642 3477 adtingam,
659 3393 700 3457 de
715 3393 776 3457 illis
788 3414 876 3473 vero,
893 3413 1029 3477 quorum
1040 3394 1072 3456 in
1084 3414 1145 3456 usu
1156 3392 1297 3458 Iustinus
1308 3393 1351 3456 ab
1367 3394 1495 3478 optimis

38 3555 42 3564 .
101 3497 310 3582 scriptoribus
328 3496 500 3583 discrepat,
516 3496 649 3562 uberius
665 3519 835 3583 exponam.
1549 3526 1555 3533 ·

205 3601 300 3666 Hanc
315 3603 414 3685 igitur
428 3601 487 3667 tibi
499 3623 643 3689 propono
655 3601 814 3666 tabulam:
830 3600 954 3665 abnuo
970 3599 1000 3682 9,
1013 3600 1043 3681 2,
1057 3599 1090 3681 8,
1109 3600 1158 3678 16,
1172 3601 1201 3683 3,
1215 3600 1248 3682 9,
1266 3600 1317 3682 38,
1331 3601 1360 3677 2,
1373 3599 1403 3663 8.
1433 3600 1494 3663 hoc
1603 3658 1604 3661 ,

101 3704 250 3787 verbum,
270 3706 364 3792 quod'
378 3707 411 3770 in
427 3705 576 3771 Caesaris
596 3703 686 3769 libris
704 3705 851 3770 nondum
870 3714 977 3768 exstat
993 3704 1142 3790 quodque
1157 3704 1273 3769 Cicero
1292 3706 1494 3790 paucissimis
1603 3708 1604 3713 ’

101 3806 182 3872 locis
206 3819 339 3896 usurpat
361 3831 466 3895 neque
489 3810 523 3875 id
546 3832 620 3874 cum
642 3811 828 3874 accusativo
850 3810 910 3872 nisi
933 3809 1129 3895 pronominis
1148 3811 1275 3894 generis
1294 3810 1400 3874 neutri
1423 3830 1495 3873 con-

22 3907 25 3976 .Ῑ
103 3913 267 3996 sociatum,
287 3914 364 3978 inde
380 3937 400 3978 a
415 3913 500 3978 Livii
521 3923 627 3979 aetate
646 3915 679 3978 in
698 3913 949 4000 frequentiorem
967 3913 1058 3976 venit
1076 3935 1180 3995 usum,
1201 3913 1242 3976 cf.
1260 3913 1332 3976 Liv.
1352 3914 1378 3991 1,
1394 3912 1447 3994 56,
1464 3912 1493 3990 8,

26 4009 28 4014 ’
102 4015 183 4081 Tac.
196 4017 279 4082 Ann.
295 4019 324 4100 1,
336 4017 379 4082 23
399 4016 439 4081 al.
470 4020 538 4082 sine
557 4019 743 4082 accusativo
764 4019 904 4101 positum
923 4016 985 4082 hoe
1003 4016 1141 4081 verbum
1161 4017 1250 4102 apud
1268 4017 1426 4081 Iustinum
1446 4016 1495 4080 his

12 4115 15 4140 ‘
102 4119 184 4184 locis
203 4121 318 4206 legitur
337 4121 478 4207 31,1,4;
500 4121 642 4206 39,2,8,
663 4121 715 4202 39,
732 4122 762 4203 3,
781 4120 830 4184 10.
858 4119 998 4202 adeo2,
1013 4119 1110 4202 15,9,
1125 4120 1246 4202 4,4,1,
1266 4121 1315 4203 12,
1330 4120 1426 4203 12,6,
1445 4122 1494 4205 12,

105 4224 224 4307 16,11,
247 4225 296 4308 18,
309 4225 340 4309 2,
355 4226 387 4306 1,
410 4225 459 4302 18,
472 4225 504 4308 2,
516 4225 551 4307 4,
573 4225 624 4308 20,
637 4225 668 4308 2,
680 4224 715 4309 5,
736 4224 789 4310 20,
801 4224 832 4305 5,
844 4223 880 4305 4,
901 4223 953 4307 34,
966 4224 996 4306 3,
1008 4223 1039 4291 6.
1075 4223 1282 4309 adgredior
1300 4225 1403 4310 praef.
1419 4226 1446 4290 1.
1459 4225 1495 4307 2,

107 4330 133 4412 1,
147 4328 180 4410 6,
196 4330 227 4408 1,
243 4329 316 4414 2,4,
330 4328 384 4410 19,
406 4329 436 4411 2,
450 4329 479 4415 8,
494 4331 527 4410 3,
549 4329 579 4413 2,
598 4330 648 4412 13,
667 4331 699 4410 1,
721 4329 751 4410 3,
771 4329 798 4409 1,
816 4328 851 4410 2,
871 4329 902 4410 4,
918 4327 950 4413 5,
966 4328 1001 4410 6,
1021 4328 1052 4410 5,
1072 4329 1120 4406 10,
1138 4328 1174 4410 5,
1194 4329 1224 4411 6,
1243 4329 1272 4411 7,
1290 4329 1325 4412 2,
1345 4329 1376 4414 8,
1391 4331 1422 4413 3,
1441 4329 1495 4410 10,

104 4435 134 4510 9,
148 4431 182 4514 2,
198 4432 247 4516 10,
269 4434 319 4512 11,
331 4432 361 4511 2,
375 4433 410 4515 6,
434 4433 483 4516 11,
495 4434 526 4515 6,
540 4433 574 4515 3,
598 4435 647 4515 11,
663 4433 713 4517 14,
729 4432 765 4515 5,
789 4434 838 4511 18,
855 4433 885 4513 4,
906 4433 959 4515 10,
983 4433 1080 4517 18,4,
1099 4434 1153 4516 14,
1173 4433 1225 4515 20,
1245 4434 1272 4516 1,
1289 4434 1324 4516 4,
1345 4433 1397 4516 22,
1414 4436 1444 4516 3,
1465 4437 1495 4514 1,

103 4537 158 4618 24,
175 4536 247 4618 1,3,
261 4537 313 4621 24,
327 4538 357 4620 l,
370 4539 402 4620 1,
418 4537 470 4621 25,
482 4537 512 4620 2,
526 4539 560 4618 3,
576 4537 629 4621 29,
641 4538 672 4621 2,
687 4538 719 4619 1,
736 4537 787 4615 30,
803 4538 879 4622 1,4,
896 4537 1030 4621 32,2,1,
1043 4537 1094 4623 33,
1105 4537 1243 4621 2,1,38,
1256 4538 1347 4621 10,8,
1360 4539 1495 4621 42,4,7,
