3225 5092
27 4761 58 4848 1

4 447 22 500 ,ι
99 401 251 494 librariis
261 413 470 476 omitteretur.
495 411 580 498 quod
598 414 623 476 si
632 411 788 476 Rueblius
801 411 956 499 (Tastcaq.
966 435 997 499 p.
1009 411 1085 498 101)
1097 412 1139 476 ad
1153 420 1218 474 tres
1229 408 1326 491 locos,
1342 405 1504 494 inquibus

0 503 55 606 *l*
75 511 84 588 ἶ
109 501 271 582 ablativus
282 513 409 601 legitur,
425 538 484 580 nos
495 527 638 599 revocat,
654 517 689 581 id
700 517 819 582 nullius
832 517 900 582 fere
911 519 1064 583 momenti
1076 527 1136 599 est,
1153 517 1229 602 quia
1239 514 1398 580 Iustinum
1409 513 1503 576 unius

0 613 46 708 ἑζῗῖἶ1
57 619 68 694 f
90 629 94 690 J
110 627 290 696 structurae
302 642 504 706 nequaquam
516 630 665 687 tenacem
677 643 747 686 csse
761 624 838 686 satis
851 644 1012 708 superque
1026 623 1244 706 cognovimns.
1269 629 1414 684 ceterum
1423 619 1504 684 alter

0 711 57 810 ,ᾗ
109 723 237 810 praesto
253 733 301 789 es't
313 724 412 806 locus,
432 724 489 790 ubi
508 726 656 791 'omnibus
671 727 756 790 inter
771 749 805 789 se
823 726 1083 812 conspirantibus
1100 725 1267 791 codicibus
1283 727 1503 789 accusativum

2 829 47 924 τῇ,
108 830 248 916 positum
270 831 570 895 animadvertimus:
598 831 650 916 44,
674 832 704 914 4,
732 833 769 894 11
792 839 835 896 ‘et
862 855 903 897 ex
926 834 1045 916 agresti
1070 830 1142 896 cibo
1166 831 1292 896 mitiora
1314 832 1404 894 vesci
1431 829 1504 893 odio

0 943 24 1010 ’1
109 931 229 1015 corum,
245 956 328 1019 quae
343 936 413 1020 ipse
428 957 543 1020 passus
557 937 671 1014 fuerat,
688 937 834 1002 homines
850 937 974 1019 coegit’.
1002 936 1157 1001 Ruehlius
1172 959 1204 1022 p.
1220 934 1281 1000 149
1297 935 1383 999 bunc
1397 934 1505 998 locum

0 1041 25 1093 -‘
95 1039 291 1124 'corruptela
306 1040 507 1124 inquinatum
527 1062 598 1104 esse
613 1041 751 1127 ideoque
771 1044 816 1106 ita
837 1041 1063 1125 corrigendum
1085 1049 1209 1105 censet:
1230 1043 1273 1104 ‘et
1293 1041 1411 1124 agresti
1432 1038 1504 1104 cibo

46 1163 62 1224 ,ς
84 1191 87 1200 .
106 1142 218 1206 vesci.
246 1152 279 1207 at
293 1165 366 1208 mea
383 1145 514 1230 quidem
530 1148 687 1209 sententia
703 1146 790 1210 nulla
806 1147 917 1211 subest
932 1169 1032 1211 causa
1047 1149 1227 1232 scripturae
1242 1145 1381 1209 traditae
1392 1147 1506 1209 iminu-

0 1307 22 1330 ,
74 1289 76 1292 -
107 1247 235 1312 tandae.
267 1269 342 1313 nam
357 1251 627 1335 praepositionem
641 1251 701 1314 ‘ex’
714 1251 794 1315 nihil
809 1250 931 1315 habere
947 1252 1129 1316 offensionis
1144 1252 1209 1316 iam
1221 1249 1448 1334 Fittbogenins
1462 1248 1505 1312 ad

67 1363 68 1422 j
110 1349 159 1434 12,
175 1351 224 1437 10,
237 1352 252 1415 1
267 1353 416 1417 ostendit.
439 1376 545 1439 neque
557 1356 660 1439 magis
673 1355 837 1419 offendere
851 1355 950 1421 debet
960 1354 1040 1420 illud
1052 1355 1207 1433 ‘mitiora',
1225 1354 1311 1439 quod
1324 1355 1507 1441 oppositum

75 1469 76 1472 ’
100 1463 157 1520 'est
173 1456 304 1540 ‘agresti
325 1456 417 1522 cibo’.
456 1459 560 1523 Habis
583 1461 669 1524 enim
691 1471 862 1545 postquam
885 1459 1041 1526 barbaros
1066 1460 1176 1524 docuit
1198 1459 1438 1544 agriculturam,
1464 1458 1507 1524 ad

5 1549 26 1612 1
108 1559 195 1626 hunc
216 1562 337 1626 cultum
358 1584 412 1626 eos
433 1565 526 1627 etiam
548 1567 672 1630 victum
692 1564 782 1630 iubet
802 1565 1064 1648 accommodare,
1087 1566 1107 1627 i.
1125 1586 1152 1627 θ.
1169 1587 1233 1628 non
1252 1565 1328 1628 feris
1348 1563 1508 1628 venandis

58 1749 59 1754 ¹
95 1667 231 1750 vivere,
247 1666 304 1730 sed
321 1667 452 1731 mitibus
468 1689 621 1752 agrorum
633 1668 801 1734 fructibus.
832 1669 993 1734 difficilior
1006 1669 1185 1733 diiudicata
1197 1677 1246 1732 est
1258 1670 1413 1754 quaestio,
1427 1691 1508 1732 num

3 1751 23 1840 '313
57 1785 61 1796 ’
109 1755 184 1836 cum
209 1771 310 1835 verbo
333 1772 467 1855 ‘fungor’
493 1776 716 1838 accusativum
742 1784 908 1860 tamquam
935 1775 1096 1839 obiectum
1125 1775 1328 1838 coniunxerit
1354 1773 1506 1838 Iustinus.

1 1859 32 1936 l
100 1879 194 1940 ,unus
209 1878 293 1940 enim
309 1884 434 1941 tantum
449 1887 556 1942 exstat
571 1877 660 1942 locus
678 1879 727 1960 19,
743 1879 801 1961 1,1
820 1889 917 1966 atque
932 1881 960 1943 is
975 1881 1021 1944 ita
1041 1886 1256 1965 comparatus,
1277 1887 1312 1942 nt
1328 1878 1458 1943 codices
1473 1880 1507 1942 in

0 1967 14 2054 1
110 1979 274 2080 diversum
297 1981 445 2048 tendant:
470 1983 567 2048 ‘diem
586 1983 741 2068 fungitur'
763 1985 921 2070 praebent
941 1985 1039 2066 FLT,
1065 1982 1273 2067 ‘defungitur’
1295 1983 1383 2063 Ell'l,
1409 1985 1510 2048 ceteri

110 2084 173 2148 ‘die
192 2085 357 2170 fungitur'.
388 2096 584 2173 postremam
604 2090 798 2172 scripturam
818 2090 851 2152 in
873 2097 1061 2153 contextum
1081 2089 1205 2173 recepit
1219 2085 1375 2151 Rnehlius
1396 2097 1508 2152 contra

1 2183 49 2264 l]
110 2191 232 2280 priores
249 2190 397 2273 editores,
414 2195 468 2276 qui
484 2194 707 2258 accusativum
722 2202 941 2280 reposuerant.
963 2203 1035 2258 utra
1047 2216 1126 2258 vera
1137 2195 1177 2256 sit
1189 2193 1294 2274 lectio,
1311 2215 1329 2256 θ
1343 2191 1511 2256 codicibus

3 2289 29 2382 ,4⁷²
109 2300 197 2358 tanto
213 2315 310 2380 opere
327 2297 410 2360 inter
426 2319 460 2359 se
476 2295 734 2383 discrepantibus
750 2300 808 2362 vix
824 2299 1002 2363 diiudicare
1019 2279 1131 2384 possis.
1160 2319 1265 2382 neque
1278 2295 1412 2362 Orosius
1423 2296 1510 2360 hanc

3 2381 22 2486 ¹2,
110 2395 221 2462 tollere
242 2407 348 2484 potest
367 2399 601 2487 difficultatem,
622 2410 733 2487 utpote
753 2405 861 2488 quiin
880 2402 942 2466 hac
963 2411 1055 2489 parte
1074 2425 1138 2466 non
1160 2425 1235 2465 usus
1256 2401 1297 2465 sit
1311 2401 1442 2464 Iustino.
1474 2401 1510 2464 id

110 2510 235 2582 tantum
251 2513 373 2568 certum
390 2514 437 2569 est
450 2509 564 2570 ceteris
576 2507 689 2572 Iustini
705 2508 783 2572 locis
799 2510 937 2573 inveniri
951 2507 1143 2572 ablativum:
1159 2507 1190 2588 2,
1203 2505 1233 2592 4,
1247 2506 1302 2588 25,
1320 2507 1349 2585 6,
1363 2506 1393 2590 7,
1409 2493 1463 2587 11,
1477 2505 1512 2588 7,

36 2627 41 2704 }
109 2605 139 2684 4,
154 2606 187 2690 8,
209 2607 238 2690 9,
251 2607 281 2692 2,
296 2608 350 2690 12,
372 2608 424 2692 21,
437 2610 467 2695 3,
479 2612 509 2676 4.
541 2614 660 2700 maiore
682 2635 755 2677 cum
775 2613 841 2677 fide
862 2622 1003 2678 statuere
1023 2611 1108 2694 licet,
1129 2616 1290 2699 qua'usus
1312 2613 1352 2674 rit
1366 2610 1511 2675 lustinus

3 2705 20 2790 ’1
111 2722 273 2778 structura
293 2715 326 2777 in
342 2714 442 2780 verbo
460 2719 585 2802 ‘potiri'.
622 2719 719 2803 quod,
741 2721 766 2782 si
789 2719 838 2800 11,
852 2719 881 2800 7,
895 2718 925 2800 4,
947 2718 1002 2783 ubi
1022 2717 1194 2802 gerundivi
1215 2717 1410 2780 constructio
1430 2705 1513 2797 nihil

31 2885 34 2898 ,
57 2881 60 2888 ,
110 2815 210 2882 habet
221 2821 306 2883 miri:
325 2822 426 2884 ‘cuius
437 2821 526 2885 urbia
538 2823 730 2907 potiundae.
744 2823 897 2909 ..cupido
910 2845 983 2888 eum
996 2823 1103 2907 cepit’,
1117 2822 1252 2906 excipis,
1269 2819 1418 2885 omnibus
1430 2817 1511 2884 locis

110 2924 312 2987 intransitive
328 2936 519 3010 usurpatum
535 2936 584 2991 est
600 2927 697 3013 idque
714 2931 920 2993 coniunctum
937 2938 992 2992 aut
1008 2950 1081 2992 cum
1097 2927 1254 2991 ablativo:
1278 2925 1306 3005 1,
1319 2925 1349 3008 2,
1364 2924 1418 3005 10,
1435 2923 1465 3003 2,
1477 2923 1511 2993 4>

111 3026 1512 3116 31,3,1,3,5,11,9,12,7,10,12,7,13,14,5,10,18,3,7,36,1,8,37,1,4,40,

113 3130 142 3212 1,
155 3131 189 3211 4,
202 3130 254 3214 43,
266 3131 293 3211 1,
304 3131 337 3214 2,
350 3132 402 3212 43,
414 3132 470 3215 2,1
485 3144 540 3198 aut
553 3157 627 3200 cum
639 3140 789 3220 genetivo
799 3138 942 3202 ‘rerum’:
960 3138 989 3221 8,
1002 3140 1029 3218 1,
1038 3137 1072 3218 4,
1089 3137 1137 3218 16,
1147 3136 1177 3218 3,
1188 3135 1221 3216 9,
1233 3135 1285 3215 33,
1295 3134 1325 3214 2,
1335 3134 1363 3197 6.
1388 3141 1514 3196 restant

2 3247 12 3314 <g
36 3259 38 3266 ·
111 3233 253 3320 duoloci,
263 3235 317 3300 ubi
327 3259 392 3302 una
400 3237 731 3328 classisTransalpina
740 3253 852 3306 contra
861 3254 984 3306 ceteros
991 3241 1119 3305 codices
1128 3242 1351 3304 accusativum
1359 3237 1513 3324 praebet:

0 3383 15 3431 f
112 3338 141 3421 6,
154 3339 185 3421 4,
198 3338 217 3402 8
246 3343 347 3426 ‘potiti
363 3345 542 3410 victoriam’
556 3345 727 3431 (‘victoria'
741 3349 854 3429 ceteri)
871 3356 904 3410 et
919 3347 948 3429 9,
959 3347 987 3423 7,
1000 3347 1039 3410 12
1052 3345 1215 3410 ‘ultionem
1231 3344 1340 3429 potita’
1359 3342 1474 3428 (‘ultio’
1483 3341 1513 3423 I,

112 3443 250 3510 ‘ultione’
265 3448 388 3529 ceteri).
420 3449 479 3514 sed
490 3452 597 3535 priore
609 3450 679 3516 loco
693 3474 734 3516 ex
746 3450 840 3517 Oros
850 3454 880 3534 3,
893 3453 921 3534 l,
932 3451 971 3514 18
983 3450 1200 3534 intellegimus
1212 3448 1392 3514 ablativum
1402 3449 1515 3511 ‘victo-

0 3577 13 3625 j·
23 3565 27 3608 J
111 3548 168 3612 ria’
186 3551 361 3632 genuinam
376 3554 569 3638 scripturam
586 3577 665 3620 esse.
696 3559 838 3642 itemque
854 3535 954 3620 altero
970 3556 1040 3619 loco
1057 3555 1197 3619 ‘ultione'
1214 3552 1424 3617 scribendum
1440 3574 1514 3615 esse

0 3655 17 3712 ‘J'
112 3653 270 3736 existimo,
292 3656 417 3720 etiamsi
433 3657 547 3723 Oresio
563 3668 645 3724 teste
665 3683 728 3726 non
744 3663 874 3725 utimur.
906 3660 1047 3745 denique
1068 3681 1142 3724 cum
1156 3658 1257 3722 verbo
1274 3656 1382 3720 ‘fruor'
1400 3655 1516 3720 ablati·

0 3753 23 3846 ’1,
112 3779 197 3822 vum
211 3761 429 3825 consociatum
448 3763 596 3829 videmus
618 3765 647 3850 8,
661 3766 690 3848 3,
706 3767 743 3829 11
762 3769 847 3830 ‘voto
867 3764 992 3829 fruitur'
1013 3773 1045 3827 θῖ
1066 3763 1115 3844 13,
1132 3763 1162 3845 6,
1179 3762 1199 3825 3
1220 3761 1398 3826 ablativum
1419 3782 1514 3846 prae-

5 3895 11 3958 ·3
112 3863 257 3948 graditur
273 3868 478 3931 accusativus
491 3871 580 3933 vocis
593 3870 706 3934 ‘nihil’z
724 3874 768 3934 ‘ut
780 3869 859 3934 nihil
875 3870 976 3933 hostis
991 3870 1095 3932 victor
1111 3889 1242 3931 suarum
1257 3889 1365 3930 rerum
1380 3874 1515 3951 praeter

4 3973 8 4026 ἶ
113 3970 255 4035 incendii
276 3972 462 4056 spectaculo
482 3973 661 4060 frueretur',
683 3977 738 4061 qui
754 3976 960 4039 accusativus
980 3995 1044 4037 non
1064 3972 1208 4057 offendit,
1230 3973 1306 4057 quia
1320 3972 1425 4036 neutri
1441 3993 1517 4056 pro·

1 4129 12 4152 ,
113 4077 279 4140 nominum
294 4074 414 4141 formas
431 4098 505 4141 cum
521 4078 668 4144 omnibus
683 4078 792 4144 verbis
809 4079 1021 4143 intransitivis
1038 4079 1190 4162 coniungi
1204 4086 1318 4141 notum
1334 4084 1391 4140 est.

603 4261 651 4316 De
667 4261 817 4317 ablativo
833 4273 1023 4316 mensurae.

216 4391 289 4455 Non
301 4413 460 4476 veremur,
478 4415 519 4459 ne
534 4394 568 4457 in
585 4414 725 4459 errorem
741 4393 942 4472 delabamur,
959 4394 985 4456 si
998 4393 1133 4458 aliorum
1145 4391 1296 4478 exempla
1309 4393 1410 4456 secuti
1422 4393 1516 4457 hunc
1533 4383 1539 4395 ’

2 4579 10 4588 w
114 4493 293 4560 ablativum
309 4496 351 4560 ad
371 4496 550 4564 ablativum
570 4499 772 4564 instrumenti
792 4499 969 4564 referimus.
1002 4500 1147 4584 sequitur
1168 4505 1277 4563 autem
1298 4499 1438 4583 primum
1458 4497 1517 4564 ab·

114 4597 232 4664 lativus
247 4624 417 4667 mensurae
433 4604 534 4669 verba
549 4603 752 4685 aestimandi,
773 4602 938 4687 metiendi,
959 4603 1048 4668 velut
1066 4602 1215 4688 17,1,12
1232 4605 1392 4688 ‘vitaeque
1411 4601 1518 4667 finem
