<?xml version="1.0" encoding="UTF-8"?>
<!DOCTYPE html PUBLIC "-//W3C//DTD XHTML 1.0 Transitional//EN"
    "http://www.w3.org/TR/xhtml1/DTD/xhtml1-transitional.dtd">
<html xmlns="http://www.w3.org/1999/xhtml" xml:lang="en" lang="en">
 <head>
  <title>
</title>
<meta http-equiv="Content-Type" content="text/html;charset=utf-8" />
  <meta name='ocr-system' content='tesseract 3.04.00' />
  <meta name='ocr-capabilities' content='ocr_page ocr_carea ocr_par ocr_line ocrx_word'/>
</head>
<body>
  <div class='ocr_page' id='page_1' title='image "./dissertationesp06wiengoog_0185.png"; bbox 0 0 3225 5092; ppageno 0'>
   <div class='ocr_carea' id='block_1_1' title="bbox 95 246 157 308">
    <p class='ocr_par' dir='ltr' id='par_1_1' title="bbox 95 246 157 308">
     <span class='ocr_line' id='line_1_1' title="bbox 95 246 157 308; baseline 0 0"><span class='ocrx_word' id='word_1_1' title='bbox 95 246 157 308; x_wconf 78' lang='lat'>174</span> 
     </span>
    </p>
   </div>
   <div class='ocr_carea' id='block_1_2' title="bbox 92 435 1490 1360">
    <p class='ocr_par' dir='ltr' id='par_1_2' title="bbox 92 435 1490 940">
     <span class='ocr_line' id='line_1_2' title="bbox 92 435 1489 520; baseline 0.002 -18"><span class='ocrx_word' id='word_1_2' title='bbox 92 437 110 502; x_wconf 94' lang='grc' dir='ltr'>Ι</span> <span class='ocrx_word' id='word_1_3' title='bbox 122 436 172 517; x_wconf 80' lang='lat' dir='ltr'>u,</span> <span class='ocrx_word' id='word_1_4' title='bbox 185 435 206 500; x_wconf 87' lang='lat'>5</span> <span class='ocrx_word' id='word_1_5' title='bbox 218 440 247 498; x_wconf 84' lang='grc' dir='ltr'>τό</span> <span class='ocrx_word' id='word_1_6' title='bbox 260 440 346 518; x_wconf 84' lang='grc' dir='ltr'>παρόν</span> <span class='ocrx_word' id='word_1_7' title='bbox 358 441 422 520; x_wconf 78' lang='grc' dir='ltr'>γάρ,</span> <span class='ocrx_word' id='word_1_8' title='bbox 438 436 495 501; x_wconf 91' lang='lat' dir='ltr'>ubi</span> <span class='ocrx_word' id='word_1_9' title='bbox 512 437 579 500; x_wconf 93' lang='lat' dir='ltr'>sine</span> <span class='ocrx_word' id='word_1_10' title='bbox 595 439 789 502; x_wconf 86' lang='lat' dir='ltr'>necessitate</span> <span class='ocrx_word' id='word_1_11' title='bbox 804 438 859 520; x_wconf 77' lang='grc' dir='ltr'>γάρ</span> <span class='ocrx_word' id='word_1_12' title='bbox 876 447 989 502; x_wconf 88' lang='lat' dir='ltr'>contra</span> <span class='ocrx_word' id='word_1_13' title='bbox 1004 459 1127 503; x_wconf 91' lang='lat' dir='ltr'>morem</span> <span class='ocrx_word' id='word_1_14' title='bbox 1142 461 1207 504; x_wconf 91' lang='lat' dir='ltr'>non</span> <span class='ocrx_word' id='word_1_15' title='bbox 1221 441 1306 505; x_wconf 87' lang='lat' dir='ltr'>inter</span> <span class='ocrx_word' id='word_1_16' title='bbox 1318 439 1489 505; x_wconf 90' lang='lat' dir='ltr'>articulum</span> 
     </span>
     <span class='ocr_line' id='line_1_3' title="bbox 93 541 1489 628; baseline 0.001 -24"><span class='ocrx_word' id='word_1_17' title='bbox 93 548 126 604; x_wconf 88' lang='lat' dir='ltr'>et</span> <span class='ocrx_word' id='word_1_18' title='bbox 140 562 258 606; x_wconf 88' lang='lat' dir='ltr'>nomen</span> <span class='ocrx_word' id='word_1_19' title='bbox 273 543 487 626; x_wconf 78' lang='lat' dir='ltr'>interponitur</span> <span class='ocrx_word' id='word_1_20' title='bbox 502 541 630 628; x_wconf 81' lang='lat' dir='ltr'>(eontra</span> <span class='ocrx_word' id='word_1_21' title='bbox 644 542 661 605; x_wconf 93' lang='grc' dir='ltr'>Ι</span> <span class='ocrx_word' id='word_1_22' title='bbox 679 542 750 627; x_wconf 86' lang='lat'>109,</span> <span class='ocrx_word' id='word_1_23' title='bbox 767 541 787 606; x_wconf 86' lang='grc'>2</span> <span class='ocrx_word' id='word_1_24' title='bbox 803 547 833 603; x_wconf 81' lang='grc' dir='ltr'>τό</span> <span class='ocrx_word' id='word_1_25' title='bbox 851 545 902 619; x_wconf 82' lang='grc' dir='ltr'>μὲν</span> <span class='ocrx_word' id='word_1_26' title='bbox 917 546 972 624; x_wconf 85' lang='grc' dir='ltr'>γὰρ</span> <span class='ocrx_word' id='word_1_27' title='bbox 987 551 1103 626; x_wconf 72' lang='grc' dir='ltr'>πρῶτον,</span> <span class='ocrx_word' id='word_1_28' title='bbox 1123 542 1194 628; x_wconf 77' lang='grc'>140,</span> <span class='ocrx_word' id='word_1_29' title='bbox 1210 544 1232 607; x_wconf 87' lang='lat'>5</span> <span class='ocrx_word' id='word_1_30' title='bbox 1247 549 1277 606; x_wconf 77' lang='grc' dir='ltr'>τό</span> <span class='ocrx_word' id='word_1_31' title='bbox 1293 547 1347 627; x_wconf 80' lang='grc' dir='ltr'>γὰρ</span> <span class='ocrx_word' id='word_1_32' title='bbox 1363 548 1451 626; x_wconf 83' lang='grc' dir='ltr'>βραχύ</span> <span class='ocrx_word' id='word_1_33' title='bbox 1465 569 1489 606; x_wconf 84' lang='grc' dir='ltr'>τι</span> 
     </span>
     <span class='ocr_line' id='line_1_4' title="bbox 93 634 1490 735; baseline 0.006 -29"><span class='ocrx_word' id='word_1_34' title='bbox 93 647 198 727; x_wconf 69' lang='lat' dir='ltr'>rotro),</span> <span class='ocrx_word' id='word_1_35' title='bbox 220 645 255 709; x_wconf 93' lang='grc' dir='ltr'>Π</span> <span class='ocrx_word' id='word_1_36' title='bbox 270 644 325 727; x_wconf 83' lang='grc'>63,</span> <span class='ocrx_word' id='word_1_37' title='bbox 342 645 362 707; x_wconf 98' lang='grc'>2</span> <span class='ocrx_word' id='word_1_38' title='bbox 379 650 417 720; x_wconf 83' lang='grc' dir='ltr'>ὡς</span> <span class='ocrx_word' id='word_1_39' title='bbox 435 648 578 729; x_wconf 76' lang='grc' dir='ltr'>τυραννίδα</span> <span class='ocrx_word' id='word_1_40' title='bbox 597 652 659 729; x_wconf 79' lang='grc' dir='ltr'>γάρ.</span> <span class='ocrx_word' id='word_1_41' title='bbox 691 645 725 710; x_wconf 83' lang='grc' dir='ltr'>1ιί</span> <span class='ocrx_word' id='word_1_42' title='bbox 741 668 869 732; x_wconf 88' lang='lat' dir='ltr'>quoque</span> <span class='ocrx_word' id='word_1_43' title='bbox 888 634 952 711; x_wconf 93' lang='lat' dir='ltr'>loci</span> <span class='ocrx_word' id='word_1_44' title='bbox 972 669 1010 710; x_wconf 90' lang='lat' dir='ltr'>eo</span> <span class='ocrx_word' id='word_1_45' title='bbox 1026 647 1158 732; x_wconf 89' lang='lat' dir='ltr'>quidem</span> <span class='ocrx_word' id='word_1_46' title='bbox 1173 659 1385 732; x_wconf 81' lang='lat' dir='ltr'><strong>excusantur,</strong></span> <span class='ocrx_word' id='word_1_47' title='bbox 1402 649 1490 735; x_wconf 93' lang='lat' dir='ltr'>quod</span> 
     </span>
     <span class='ocr_line' id='line_1_5' title="bbox 93 748 1490 837; baseline 0.004 -25"><span class='ocrx_word' id='word_1_48' title='bbox 93 748 304 836; x_wconf 81' lang='lat' dir='ltr'><strong>Thucydides</strong></span> <span class='ocrx_word' id='word_1_49' title='bbox 324 749 427 814; x_wconf 88' lang='lat' dir='ltr'>verba</span> <span class='ocrx_word' id='word_1_50' title='bbox 446 750 624 836; x_wconf 78' lang='lat' dir='ltr'>particulae</span> <span class='ocrx_word' id='word_1_51' title='bbox 644 751 699 834; x_wconf 79' lang='grc' dir='ltr'>γάρ</span> <span class='ocrx_word' id='word_1_52' title='bbox 718 773 910 837; x_wconf 88' lang='lat' dir='ltr'>praegressa</span> <span class='ocrx_word' id='word_1_53' title='bbox 929 753 1116 817; x_wconf 88' lang='lat' dir='ltr'>consociare</span> <span class='ocrx_word' id='word_1_54' title='bbox 1132 751 1242 817; x_wconf 89' lang='lat' dir='ltr'>voluit.</span> <span class='ocrx_word' id='word_1_55' title='bbox 1274 753 1367 817; x_wconf 91' lang='lat' dir='ltr'>vides</span> <span class='ocrx_word' id='word_1_56' title='bbox 1381 776 1490 818; x_wconf 90' lang='lat' dir='ltr'>nume-</span> 
     </span>
     <span class='ocr_line' id='line_1_6' title="bbox 92 854 792 940; baseline 0.001 -23"><span class='ocrx_word' id='word_1_57' title='bbox 92 877 165 918; x_wconf 91' lang='lat' dir='ltr'>rum</span> <span class='ocrx_word' id='word_1_58' title='bbox 179 854 293 919; x_wconf 90' lang='lat' dir='ltr'>talium</span> <span class='ocrx_word' id='word_1_59' title='bbox 307 854 452 919; x_wconf 90' lang='lat' dir='ltr'>locorum</span> <span class='ocrx_word' id='word_1_60' title='bbox 468 857 544 919; x_wconf 87' lang='lat' dir='ltr'>satis</span> <span class='ocrx_word' id='word_1_61' title='bbox 560 876 698 940; x_wconf 88' lang='lat' dir='ltr'>parvum</span> <span class='ocrx_word' id='word_1_62' title='bbox 712 876 792 920; x_wconf 89' lang='lat' dir='ltr'>esse.</span> 
     </span>
    </p>

    <p class='ocr_par' dir='ltr' id='par_1_3' title="bbox 93 958 1490 1360">
     <span class='ocr_line' id='line_1_7' title="bbox 195 958 1490 1047; baseline 0.001 -26"><span class='ocrx_word' id='word_1_63' title='bbox 195 959 235 1022; x_wconf 92' lang='lat' dir='ltr'>In</span> <span class='ocrx_word' id='word_1_64' title='bbox 251 959 447 1024; x_wconf 90' lang='lat' dir='ltr'>orationibus</span> <span class='ocrx_word' id='word_1_65' title='bbox 462 958 670 1046; x_wconf 81' lang='lat' dir='ltr'><strong>Antiphontis</strong></span> <span class='ocrx_word' id='word_1_66' title='bbox 687 959 768 1023; x_wconf 91' lang='lat' dir='ltr'>haec</span> <span class='ocrx_word' id='word_1_67' title='bbox 784 968 910 1025; x_wconf 88' lang='lat' dir='ltr'>tantum</span> <span class='ocrx_word' id='word_1_68' title='bbox 922 962 1052 1046; x_wconf 87' lang='lat' dir='ltr'>repperi</span> <span class='ocrx_word' id='word_1_69' title='bbox 1065 961 1229 1047; x_wconf 87' lang='lat' dir='ltr'>exempla:</span> <span class='ocrx_word' id='word_1_70' title='bbox 1245 962 1276 1025; x_wconf 91' lang='lat' dir='ltr'>V</span> <span class='ocrx_word' id='word_1_71' title='bbox 1289 960 1331 1025; x_wconf 85' lang='lat'>85</span> <span class='ocrx_word' id='word_1_72' title='bbox 1342 964 1425 1023; x_wconf 76' lang='grc' dir='ltr'>ταίιιόι</span> <span class='ocrx_word' id='word_1_73' title='bbox 1436 961 1490 1044; x_wconf 84' lang='grc' dir='ltr'>γάρ</span> 
     </span>
     <span class='ocr_line' id='line_1_8' title="bbox 94 1062 1490 1150; baseline 0.001 -24"><span class='ocrx_word' id='word_1_74' title='bbox 94 1062 169 1148; x_wconf 83' lang='lat' dir='ltr'>(nisi</span> <span class='ocrx_word' id='word_1_75' title='bbox 184 1063 280 1148; x_wconf 90' lang='lat' dir='ltr'>forte,</span> <span class='ocrx_word' id='word_1_76' title='bbox 298 1065 385 1150; x_wconf 91' lang='lat' dir='ltr'>quod</span> <span class='ocrx_word' id='word_1_77' title='bbox 406 1062 529 1147; x_wconf 91' lang='lat' dir='ltr'>malim,</span> <span class='ocrx_word' id='word_1_78' title='bbox 552 1071 636 1126; x_wconf 82' lang='grc' dir='ltr'>ταῦτα</span> <span class='ocrx_word' id='word_1_79' title='bbox 653 1069 706 1145; x_wconf 82' lang='grc' dir='ltr'>γάρ</span> <span class='ocrx_word' id='word_1_80' title='bbox 728 1063 939 1129; x_wconf 90' lang='lat' dir='ltr'>scribendum</span> <span class='ocrx_word' id='word_1_81' title='bbox 958 1075 1022 1146; x_wconf 90' lang='lat' dir='ltr'>est,</span> <span class='ocrx_word' id='word_1_82' title='bbox 1044 1065 1128 1130; x_wconf 90' lang='lat' dir='ltr'>duae</span> <span class='ocrx_word' id='word_1_83' title='bbox 1144 1067 1197 1130; x_wconf 91' lang='lat' dir='ltr'>hio</span> <span class='ocrx_word' id='word_1_84' title='bbox 1212 1088 1311 1130; x_wconf 90' lang='lat' dir='ltr'>voces</span> <span class='ocrx_word' id='word_1_85' title='bbox 1325 1071 1360 1128; x_wconf 84' lang='grc' dir='ltr'>τά</span> <span class='ocrx_word' id='word_1_86' title='bbox 1375 1074 1407 1130; x_wconf 91' lang='lat' dir='ltr'>et</span> <span class='ocrx_word' id='word_1_87' title='bbox 1423 1070 1490 1128; x_wconf 80' lang='grc' dir='ltr'>αότό</span> 
     </span>
     <span class='ocr_line' id='line_1_9' title="bbox 93 1168 1489 1254; baseline 0.001 -23"><span class='ocrx_word' id='word_1_88' title='bbox 93 1170 234 1253; x_wconf 84' lang='lat' dir='ltr'>synizesi</span> <span class='ocrx_word' id='word_1_89' title='bbox 249 1170 283 1232; x_wconf 92' lang='lat' dir='ltr'>in</span> <span class='ocrx_word' id='word_1_90' title='bbox 298 1192 396 1234; x_wconf 89' lang='lat' dir='ltr'>unam</span> <span class='ocrx_word' id='word_1_91' title='bbox 414 1177 694 1254; x_wconf 88' lang='lat' dir='ltr'>coagmentantur,</span> <span class='ocrx_word' id='word_1_92' title='bbox 713 1191 787 1234; x_wconf 88' lang='lat' dir='ltr'>oum</span> <span class='ocrx_word' id='word_1_93' title='bbox 801 1168 894 1245; x_wconf 77' lang='lat' dir='ltr'>nuo</span> <span class='ocrx_word' id='word_1_94' title='bbox 910 1168 931 1232; x_wconf 89' lang='lat'>5</span> <span class='ocrx_word' id='word_1_95' title='bbox 946 1169 1073 1253; x_wconf 87' lang='lat' dir='ltr'>legatur</span> <span class='ocrx_word' id='word_1_96' title='bbox 1088 1175 1144 1243; x_wconf 83' lang='grc' dir='ltr'>τοῖς</span> <span class='ocrx_word' id='word_1_97' title='bbox 1159 1173 1211 1251; x_wconf 85' lang='grc' dir='ltr'>γὰρ</span> <span class='ocrx_word' id='word_1_98' title='bbox 1228 1169 1346 1254; x_wconf 55' lang='lat' dir='ltr'>chartag</span> <span class='ocrx_word' id='word_1_99' title='bbox 1374 1169 1423 1235; x_wconf 88' lang='lat' dir='ltr'>VI</span> <span class='ocrx_word' id='word_1_100' title='bbox 1437 1170 1459 1233; x_wconf 94' lang='grc'>2</span> <span class='ocrx_word' id='word_1_101' title='bbox 1474 1174 1489 1232; x_wconf 85' lang='grc' dir='ltr'>ό</span> 
     </span>
     <span class='ocr_line' id='line_1_10' title="bbox 93 1273 1490 1360; baseline 0.004 -27"><span class='ocrx_word' id='word_1_102' title='bbox 93 1277 192 1354; x_wconf 85' lang='grc' dir='ltr'>χρόνος</span> <span class='ocrx_word' id='word_1_103' title='bbox 207 1275 260 1354; x_wconf 85' lang='grc' dir='ltr'>γὰρ</span> <span class='ocrx_word' id='word_1_104' title='bbox 275 1274 354 1351; x_wconf 75' lang='grc' dir='ltr'>καὶὴ</span> <span class='ocrx_word' id='word_1_105' title='bbox 372 1276 499 1357; x_wconf 79' lang='grc' dir='ltr'>ἐμπειρία</span> <span class='ocrx_word' id='word_1_106' title='bbox 514 1273 571 1360; x_wconf 78' lang='lat' dir='ltr'>(cf.</span> <span class='ocrx_word' id='word_1_107' title='bbox 588 1273 667 1340; x_wconf 91' lang='lat' dir='ltr'>Her.</span> <span class='ocrx_word' id='word_1_108' title='bbox 684 1273 734 1337; x_wconf 90' lang='lat' dir='ltr'>VI</span> <span class='ocrx_word' id='word_1_109' title='bbox 750 1273 791 1337; x_wconf 83' lang='grc'>69</span> <span class='ocrx_word' id='word_1_110' title='bbox 806 1278 853 1335; x_wconf 72' lang='grc' dir='ltr'>τὀν</span> <span class='ocrx_word' id='word_1_111' title='bbox 868 1278 966 1355; x_wconf 88' lang='grc' dir='ltr'>χρόνον</span> <span class='ocrx_word' id='word_1_112' title='bbox 982 1276 1046 1356; x_wconf 68' lang='grc' dir='ltr'>γὰρ,</span> <span class='ocrx_word' id='word_1_113' title='bbox 1061 1277 1123 1348; x_wconf 84' lang='grc' dir='ltr'>τοὺς</span> <span class='ocrx_word' id='word_1_114' title='bbox 1139 1276 1206 1336; x_wconf 64' lang='grc' dir='ltr'>δέκα</span> <span class='ocrx_word' id='word_1_115' title='bbox 1224 1273 1327 1360; x_wconf 82' lang='grc' dir='ltr'>μῆνας)</span> <span class='ocrx_word' id='word_1_116' title='bbox 1348 1274 1490 1338; x_wconf 90' lang='lat' dir='ltr'>studium</span> 
     </span>
    </p>
   </div>
   <div class='ocr_carea' id='block_1_3' title="bbox 92 1377 1490 2090">
    <p class='ocr_par' dir='ltr' id='par_1_4' title="bbox 92 1377 1490 1777">
     <span class='ocr_line' id='line_1_11' title="bbox 95 1377 1490 1464; baseline 0.004 -28"><span class='ocrx_word' id='word_1_117' title='bbox 95 1379 109 1436; x_wconf 90' lang='grc' dir='ltr'>ό</span> <span class='ocrx_word' id='word_1_118' title='bbox 124 1382 223 1458; x_wconf 81' lang='grc' dir='ltr'>χρόνος</span> <span class='ocrx_word' id='word_1_119' title='bbox 239 1381 302 1454; x_wconf 68' lang='lat' dir='ltr'>eth</span> <span class='ocrx_word' id='word_1_120' title='bbox 320 1381 446 1461; x_wconf 78' lang='grc' dir='ltr'>ἐμπειρία</span> <span class='ocrx_word' id='word_1_121' title='bbox 461 1379 644 1464; x_wconf 90' lang='lat' dir='ltr'>opponendi</span> <span class='ocrx_word' id='word_1_122' title='bbox 661 1377 806 1463; x_wconf 84' lang='lat' dir='ltr'>adparet,</span> <span class='ocrx_word' id='word_1_123' title='bbox 824 1379 883 1442; x_wconf 89' lang='lat' dir='ltr'>sed</span> <span class='ocrx_word' id='word_1_124' title='bbox 898 1387 1053 1463; x_wconf 89' lang='lat' dir='ltr'>quantum</span> <span class='ocrx_word' id='word_1_125' title='bbox 1068 1381 1102 1442; x_wconf 89' lang='lat' dir='ltr'>in</span> <span class='ocrx_word' id='word_1_126' title='bbox 1117 1380 1179 1444; x_wconf 89' lang='lat' dir='ltr'>hac</span> <span class='ocrx_word' id='word_1_127' title='bbox 1194 1400 1229 1442; x_wconf 88' lang='lat' dir='ltr'>re</span> <span class='ocrx_word' id='word_1_128' title='bbox 1246 1379 1378 1443; x_wconf 88' lang='lat' dir='ltr'>arbitrio</span> <span class='ocrx_word' id='word_1_129' title='bbox 1393 1381 1490 1464; x_wconf 89' lang='lat' dir='ltr'>scrip-</span> 
     </span>
     <span class='ocr_line' id='line_1_12' title="bbox 93 1482 1490 1568; baseline 0.003 -24"><span class='ocrx_word' id='word_1_130' title='bbox 93 1483 171 1545; x_wconf 90' lang='lat' dir='ltr'>toris</span> <span class='ocrx_word' id='word_1_131' title='bbox 186 1485 379 1567; x_wconf 90' lang='lat' dir='ltr'>permissum</span> <span class='ocrx_word' id='word_1_132' title='bbox 396 1485 447 1568; x_wconf 85' lang='lat' dir='ltr'>sit,</span> <span class='ocrx_word' id='word_1_133' title='bbox 463 1482 535 1547; x_wconf 88' lang='lat' dir='ltr'>luce</span> <span class='ocrx_word' id='word_1_134' title='bbox 551 1483 588 1546; x_wconf 92' lang='lat' dir='ltr'>fit</span> <span class='ocrx_word' id='word_1_135' title='bbox 604 1483 732 1567; x_wconf 88' lang='lat' dir='ltr'>clarius,</span> <span class='ocrx_word' id='word_1_136' title='bbox 750 1485 776 1546; x_wconf 92' lang='lat' dir='ltr'>si</span> <span class='ocrx_word' id='word_1_137' title='bbox 792 1483 933 1547; x_wconf 91' lang='lat' dir='ltr'>eundem</span> <span class='ocrx_word' id='word_1_138' title='bbox 948 1483 1055 1548; x_wconf 92' lang='lat' dir='ltr'>locum</span> <span class='ocrx_word' id='word_1_139' title='bbox 1072 1483 1103 1546; x_wconf 93' lang='lat' dir='ltr'>V</span> <span class='ocrx_word' id='word_1_140' title='bbox 1121 1483 1161 1545; x_wconf 88' lang='lat'>14</span> <span class='ocrx_word' id='word_1_141' title='bbox 1175 1482 1313 1567; x_wconf 88' lang='lat' dir='ltr'>legimus</span> <span class='ocrx_word' id='word_1_142' title='bbox 1327 1485 1373 1546; x_wconf 89' lang='lat' dir='ltr'>ita</span> <span class='ocrx_word' id='word_1_143' title='bbox 1388 1485 1490 1548; x_wconf 89' lang='lat' dir='ltr'>varia-</span> 
     </span>
     <span class='ocr_line' id='line_1_13' title="bbox 92 1587 1488 1671; baseline 0.001 -23"><span class='ocrx_word' id='word_1_144' title='bbox 92 1594 162 1651; x_wconf 90' lang='lat' dir='ltr'>tum</span> <span class='ocrx_word' id='word_1_145' title='bbox 178 1590 192 1646; x_wconf 84' lang='grc' dir='ltr'>ό</span> <span class='ocrx_word' id='word_1_146' title='bbox 207 1589 260 1668; x_wconf 76' lang='grc' dir='ltr'>γὰρ</span> <span class='ocrx_word' id='word_1_147' title='bbox 276 1592 374 1670; x_wconf 81' lang='grc' dir='ltr'>χρόνος</span> <span class='ocrx_word' id='word_1_148' title='bbox 392 1589 470 1667; x_wconf 77' lang='grc' dir='ltr'>ναίὴ</span> <span class='ocrx_word' id='word_1_149' title='bbox 488 1591 627 1670; x_wconf 68' lang='grc' dir='ltr'>ἐμπειρίας</span> <span class='ocrx_word' id='word_1_150' title='bbox 651 1589 685 1651; x_wconf 93' lang='lat' dir='ltr'>in</span> <span class='ocrx_word' id='word_1_151' title='bbox 707 1587 745 1650; x_wconf 89' lang='lat' dir='ltr'>fr.</span> <span class='ocrx_word' id='word_1_152' title='bbox 763 1588 846 1652; x_wconf 89' lang='lat' dir='ltr'>XVI</span> <span class='ocrx_word' id='word_1_153' title='bbox 860 1587 902 1651; x_wconf 76' lang='lat'>57</span> <span class='ocrx_word' id='word_1_154' title='bbox 919 1590 952 1649; x_wconf 82' lang='grc' dir='ltr'>τὰ</span> <span class='ocrx_word' id='word_1_155' title='bbox 967 1591 1053 1671; x_wconf 82' lang='grc' dir='ltr'>πτερὰ</span> <span class='ocrx_word' id='word_1_156' title='bbox 1068 1590 1121 1669; x_wconf 78' lang='grc' dir='ltr'>γὰρ</span> <span class='ocrx_word' id='word_1_157' title='bbox 1137 1592 1224 1649; x_wconf 74' lang='grc' dir='ltr'>αὐτῶν</span> <span class='ocrx_word' id='word_1_158' title='bbox 1238 1592 1269 1649; x_wconf 79' lang='grc' dir='ltr'>τό</span> <span class='ocrx_word' id='word_1_159' title='bbox 1284 1589 1393 1662; x_wconf 76' lang='grc' dir='ltr'>κάλλος</span> <span class='ocrx_word' id='word_1_160' title='bbox 1409 1590 1488 1668; x_wconf 70' lang='lat' dir='ltr'>toda,</span> 
     </span>
     <span class='ocr_line' id='line_1_14' title="bbox 94 1692 1103 1777; baseline 0.005 -26"><span class='ocrx_word' id='word_1_161' title='bbox 94 1693 161 1752; x_wconf 80' lang='grc' dir='ltr'>ἀλλ’</span> <span class='ocrx_word' id='word_1_162' title='bbox 175 1695 205 1753; x_wconf 81' lang='grc' dir='ltr'>οὺ</span> <span class='ocrx_word' id='word_1_163' title='bbox 220 1695 250 1752; x_wconf 82' lang='grc' dir='ltr'>τό</span> <span class='ocrx_word' id='word_1_164' title='bbox 267 1701 348 1770; x_wconf 81' lang='grc' dir='ltr'>σῶμα</span> <span class='ocrx_word' id='word_1_165' title='bbox 364 1694 440 1757; x_wconf 90' lang='lat' dir='ltr'>satis</span> <span class='ocrx_word' id='word_1_166' title='bbox 456 1694 663 1757; x_wconf 84' lang='lat' dir='ltr'>manifestum</span> <span class='ocrx_word' id='word_1_167' title='bbox 679 1701 728 1755; x_wconf 90' lang='lat' dir='ltr'>est</span> <span class='ocrx_word' id='word_1_168' title='bbox 744 1693 909 1777; x_wconf 89' lang='lat' dir='ltr'>scriptoris</span> <span class='ocrx_word' id='word_1_169' title='bbox 926 1692 1103 1756; x_wconf 86' lang='lat' dir='ltr'>consilium.</span> 
     </span>
    </p>

    <p class='ocr_par' dir='ltr' id='par_1_5' title="bbox 93 1795 1490 2090">
     <span class='ocr_line' id='line_1_15' title="bbox 197 1795 1489 1882; baseline -0.002 -22"><span class='ocrx_word' id='word_1_170' title='bbox 197 1795 377 1860; x_wconf 89' lang='lat' dir='ltr'>Andocidis</span> <span class='ocrx_word' id='word_1_171' title='bbox 390 1797 453 1862; x_wconf 91' lang='lat' dir='ltr'>duo</span> <span class='ocrx_word' id='word_1_172' title='bbox 466 1807 540 1861; x_wconf 89' lang='lat' dir='ltr'>sunt</span> <span class='ocrx_word' id='word_1_173' title='bbox 552 1796 623 1878; x_wconf 92' lang='lat' dir='ltr'>loci,</span> <span class='ocrx_word' id='word_1_174' title='bbox 642 1798 696 1882; x_wconf 91' lang='lat' dir='ltr'>qui</span> <span class='ocrx_word' id='word_1_175' title='bbox 712 1796 754 1860; x_wconf 91' lang='lat' dir='ltr'>ad</span> <span class='ocrx_word' id='word_1_176' title='bbox 775 1795 859 1861; x_wconf 88' lang='lat' dir='ltr'>hanc</span> <span class='ocrx_word' id='word_1_177' title='bbox 876 1798 1097 1882; x_wconf 90' lang='lat' dir='ltr'>quaestionem</span> <span class='ocrx_word' id='word_1_178' title='bbox 1113 1797 1288 1881; x_wconf 78' lang='lat' dir='ltr'>pertinent:</span> <span class='ocrx_word' id='word_1_179' title='bbox 1304 1795 1375 1860; x_wconf 82' lang='lat'>130</span> <span class='ocrx_word' id='word_1_180' title='bbox 1391 1798 1489 1873; x_wconf 82' lang='grc' dir='ltr'>δηλον-</span> 
     </span>
     <span class='ocr_line' id='line_1_16' title="bbox 93 1898 1489 1988; baseline 0.004 -29"><span class='ocrx_word' id='word_1_181' title='bbox 93 1903 132 1960; x_wconf 86' lang='grc' dir='ltr'>ότι</span> <span class='ocrx_word' id='word_1_182' title='bbox 152 1905 205 1982; x_wconf 78' lang='grc' dir='ltr'>γάρ</span> <span class='ocrx_word' id='word_1_183' title='bbox 227 1911 259 1965; x_wconf 88' lang='lat' dir='ltr'>et</span> <span class='ocrx_word' id='word_1_184' title='bbox 279 1899 369 1988; x_wconf 85' lang='lat' dir='ltr'>[IIII]</span> <span class='ocrx_word' id='word_1_185' title='bbox 387 1902 416 1965; x_wconf 82' lang='lat' dir='ltr'>I.</span> <span class='ocrx_word' id='word_1_186' title='bbox 449 1902 506 1965; x_wconf 86' lang='lat' dir='ltr'>sed</span> <span class='ocrx_word' id='word_1_187' title='bbox 526 1903 602 1986; x_wconf 90' lang='lat' dir='ltr'>quia</span> <span class='ocrx_word' id='word_1_188' title='bbox 621 1924 663 1965; x_wconf 86' lang='lat' dir='ltr'>ex</span> <span class='ocrx_word' id='word_1_189' title='bbox 678 1900 755 1964; x_wconf 82' lang='lat' dir='ltr'>Ant.</span> <span class='ocrx_word' id='word_1_190' title='bbox 774 1901 804 1964; x_wconf 97' lang='lat' dir='ltr'>V</span> <span class='ocrx_word' id='word_1_191' title='bbox 821 1900 863 1964; x_wconf 84' lang='grc'>26</span> <span class='ocrx_word' id='word_1_192' title='bbox 880 1903 966 1978; x_wconf 80' lang='grc' dir='ltr'>δῆλον</span> <span class='ocrx_word' id='word_1_193' title='bbox 986 1903 1039 1982; x_wconf 80' lang='grc' dir='ltr'>γὰρ</span> <span class='ocrx_word' id='word_1_194' title='bbox 1060 1905 1113 1982; x_wconf 80' lang='grc' dir='ltr'>ὅτι,</span> <span class='ocrx_word' id='word_1_195' title='bbox 1134 1899 1175 1964; x_wconf 85' lang='grc'>28</span> <span class='ocrx_word' id='word_1_196' title='bbox 1197 1902 1282 1979; x_wconf 80' lang='grc' dir='ltr'>δῆλον</span> <span class='ocrx_word' id='word_1_197' title='bbox 1301 1898 1356 1982; x_wconf 74' lang='grc' dir='ltr'>γὰρ</span> <span class='ocrx_word' id='word_1_198' title='bbox 1374 1903 1427 1982; x_wconf 72' lang='grc' dir='ltr'>ὅτι,</span> <span class='ocrx_word' id='word_1_199' title='bbox 1449 1899 1489 1964; x_wconf 83' lang='lat'>35</span> 
     </span>
     <span class='ocr_line' id='line_1_17' title="bbox 94 2002 1490 2090; baseline 0.003 -26"><span class='ocrx_word' id='word_1_200' title='bbox 94 2006 179 2081; x_wconf 76' lang='grc' dir='ltr'>δῆλον</span> <span class='ocrx_word' id='word_1_201' title='bbox 196 2002 240 2068; x_wconf 78' lang='grc' dir='ltr'>οὖν</span> <span class='ocrx_word' id='word_1_202' title='bbox 257 2008 310 2087; x_wconf 78' lang='grc' dir='ltr'>ότι,</span> <span class='ocrx_word' id='word_1_203' title='bbox 326 2005 408 2069; x_wconf 91' lang='lat' dir='ltr'>Plat.</span> <span class='ocrx_word' id='word_1_204' title='bbox 425 2006 512 2070; x_wconf 92' lang='lat' dir='ltr'>Prot.</span> <span class='ocrx_word' id='word_1_205' title='bbox 530 2005 638 2089; x_wconf 72' lang='lat' dir='ltr'>ared,</span> <span class='ocrx_word' id='word_1_206' title='bbox 660 2003 701 2068; x_wconf 97' lang='lat' dir='ltr'>de</span> <span class='ocrx_word' id='word_1_207' title='bbox 720 2026 788 2090; x_wconf 87' lang='lat' dir='ltr'>rep.</span> <span class='ocrx_word' id='word_1_208' title='bbox 805 2005 822 2068; x_wconf 95' lang='lat' dir='ltr'>I</span> <span class='ocrx_word' id='word_1_209' title='bbox 838 2005 927 2068; x_wconf 72' lang='lat'>3310</span> <span class='ocrx_word' id='word_1_210' title='bbox 943 2005 1141 2089; x_wconf 87' lang='lat' dir='ltr'>intellegitur</span> <span class='ocrx_word' id='word_1_211' title='bbox 1159 2012 1286 2068; x_wconf 88' lang='lat' dir='ltr'>tantum</span> <span class='ocrx_word' id='word_1_212' title='bbox 1300 2005 1433 2088; x_wconf 80' lang='lat' dir='ltr'>afuisse,</span> <span class='ocrx_word' id='word_1_213' title='bbox 1453 2012 1490 2068; x_wconf 92' lang='lat' dir='ltr'>ut</span> 
     </span>
    </p>
   </div>
   <div class='ocr_carea' id='block_1_4' title="bbox 92 2107 1490 4393">
    <p class='ocr_par' dir='ltr' id='par_1_6' title="bbox 92 2107 1490 3348">
     <span class='ocr_line' id='line_1_18' title="bbox 95 2107 1488 2196; baseline 0.001 -25"><span class='ocrx_word' id='word_1_214' title='bbox 95 2107 213 2172; x_wconf 79' lang='lat' dir='ltr'>Graeci</span> <span class='ocrx_word' id='word_1_215' title='bbox 228 2109 291 2174; x_wconf 91' lang='lat' dir='ltr'>illis</span> <span class='ocrx_word' id='word_1_216' title='bbox 305 2110 507 2196; x_wconf 83' lang='lat' dir='ltr'>temporibus</span> <span class='ocrx_word' id='word_1_217' title='bbox 524 2111 681 2193; x_wconf 85' lang='lat' dir='ltr'>originem</span> <span class='ocrx_word' id='word_1_218' title='bbox 696 2110 935 2195; x_wconf 88' lang='lat' dir='ltr'>genuinamque</span> <span class='ocrx_word' id='word_1_219' title='bbox 951 2112 1017 2174; x_wconf 89' lang='lat' dir='ltr'>vim</span> <span class='ocrx_word' id='word_1_220' title='bbox 1033 2108 1184 2174; x_wconf 86' lang='lat' dir='ltr'>vocabuli</span> <span class='ocrx_word' id='word_1_221' title='bbox 1200 2112 1286 2186; x_wconf 79' lang='grc' dir='ltr'>δῆλον</span> <span class='ocrx_word' id='word_1_222' title='bbox 1306 2112 1345 2170; x_wconf 88' lang='grc' dir='ltr'>ότι</span> <span class='ocrx_word' id='word_1_223' title='bbox 1365 2109 1488 2193; x_wconf 88' lang='lat' dir='ltr'>ignora-</span> 
     </span>
     <span class='ocr_line' id='line_1_19' title="bbox 93 2213 1488 2301; baseline 0 -25"><span class='ocrx_word' id='word_1_224' title='bbox 93 2222 176 2296; x_wconf 88' lang='lat' dir='ltr'>rent,</span> <span class='ocrx_word' id='word_1_225' title='bbox 197 2223 232 2277; x_wconf 92' lang='lat' dir='ltr'>ut</span> <span class='ocrx_word' id='word_1_226' title='bbox 251 2214 285 2277; x_wconf 92' lang='lat' dir='ltr'>id</span> <span class='ocrx_word' id='word_1_227' title='bbox 306 2215 485 2301; x_wconf 88' lang='lat' dir='ltr'>postposita</span> <span class='ocrx_word' id='word_1_228' title='bbox 506 2213 730 2278; x_wconf 86' lang='lat' dir='ltr'>coniunctione</span> <span class='ocrx_word' id='word_1_229' title='bbox 751 2235 904 2299; x_wconf 88' lang='lat' dir='ltr'>separare</span> <span class='ocrx_word' id='word_1_230' title='bbox 919 2237 940 2278; x_wconf 92' lang='lat' dir='ltr'>a</span> <span class='ocrx_word' id='word_1_231' title='bbox 956 2215 1071 2278; x_wconf 90' lang='lat' dir='ltr'>ceteris</span> <span class='ocrx_word' id='word_1_232' title='bbox 1092 2213 1202 2278; x_wconf 88' lang='lat' dir='ltr'>verbis</span> <span class='ocrx_word' id='word_1_233' title='bbox 1223 2214 1381 2277; x_wconf 85' lang='lat' dir='ltr'>enuntiati</span> <span class='ocrx_word' id='word_1_234' title='bbox 1400 2235 1488 2276; x_wconf 90' lang='lat' dir='ltr'>vere-</span> 
     </span>
     <span class='ocr_line' id='line_1_20' title="bbox 92 2317 1486 2404; baseline -0.002 -23"><span class='ocrx_word' id='word_1_235' title='bbox 92 2328 217 2399; x_wconf 89' lang='lat' dir='ltr'>rentur,</span> <span class='ocrx_word' id='word_1_236' title='bbox 239 2320 348 2383; x_wconf 90' lang='lat' dir='ltr'>nescio</span> <span class='ocrx_word' id='word_1_237' title='bbox 363 2342 405 2383; x_wconf 92' lang='lat' dir='ltr'>an</span> <span class='ocrx_word' id='word_1_238' title='bbox 420 2317 474 2382; x_wconf 92' lang='lat' dir='ltr'>illo</span> <span class='ocrx_word' id='word_1_239' title='bbox 491 2341 619 2404; x_wconf 89' lang='lat' dir='ltr'>quoque</span> <span class='ocrx_word' id='word_1_240' title='bbox 641 2319 711 2382; x_wconf 88' lang='lat' dir='ltr'>loco</span> <span class='ocrx_word' id='word_1_241' title='bbox 727 2318 816 2382; x_wconf 86' lang='lat' dir='ltr'>facili</span> <span class='ocrx_word' id='word_1_242' title='bbox 831 2319 1057 2383; x_wconf 87' lang='lat' dir='ltr'>emendatione</span> <span class='ocrx_word' id='word_1_243' title='bbox 1073 2318 1252 2383; x_wconf 82' lang='lat' dir='ltr'>scribamus</span> <span class='ocrx_word' id='word_1_244' title='bbox 1268 2320 1354 2395; x_wconf 78' lang='grc' dir='ltr'>δῆλον</span> <span class='ocrx_word' id='word_1_245' title='bbox 1369 2321 1423 2400; x_wconf 83' lang='grc' dir='ltr'>γὰρ</span> <span class='ocrx_word' id='word_1_246' title='bbox 1438 2322 1486 2379; x_wconf 87' lang='grc' dir='ltr'>ότι.</span> 
     </span>
     <span class='ocr_line' id='line_1_21' title="bbox 94 2420 1488 2505; baseline -0.004 -18"><span class='ocrx_word' id='word_1_247' title='bbox 94 2423 195 2487; x_wconf 87' lang='lat' dir='ltr'>altero</span> <span class='ocrx_word' id='word_1_248' title='bbox 207 2434 316 2489; x_wconf 89' lang='lat' dir='ltr'>autem</span> <span class='ocrx_word' id='word_1_249' title='bbox 331 2425 402 2489; x_wconf 86' lang='lat' dir='ltr'>loeo</span> <span class='ocrx_word' id='word_1_250' title='bbox 418 2424 573 2489; x_wconf 90' lang='lat' dir='ltr'>traditum</span> <span class='ocrx_word' id='word_1_251' title='bbox 586 2434 634 2488; x_wconf 89' lang='lat' dir='ltr'>est</span> <span class='ocrx_word' id='word_1_252' title='bbox 649 2425 710 2505; x_wconf 84' lang='grc' dir='ltr'>περὶ</span> <span class='ocrx_word' id='word_1_253' title='bbox 727 2427 777 2501; x_wconf 83' lang='grc' dir='ltr'>μὲν</span> <span class='ocrx_word' id='word_1_254' title='bbox 794 2424 839 2485; x_wconf 78' lang='grc' dir='ltr'>οὖν</span> <span class='ocrx_word' id='word_1_255' title='bbox 855 2427 953 2486; x_wconf 75' lang='grc' dir='ltr'>τούτων</span> <span class='ocrx_word' id='word_1_256' title='bbox 970 2427 1019 2485; x_wconf 75' lang='lat' dir='ltr'>obs</span> <span class='ocrx_word' id='word_1_257' title='bbox 1033 2420 1085 2484; x_wconf 82' lang='grc' dir='ltr'>οἷδ’</span> <span class='ocrx_word' id='word_1_258' title='bbox 1098 2427 1113 2484; x_wconf 83' lang='grc' dir='ltr'>ό</span> <span class='ocrx_word' id='word_1_259' title='bbox 1128 2446 1151 2482; x_wconf 83' lang='grc' dir='ltr'>τι</span> <span class='ocrx_word' id='word_1_260' title='bbox 1168 2425 1209 2483; x_wconf 81' lang='grc' dir='ltr'>δεῖ</span> <span class='ocrx_word' id='word_1_261' title='bbox 1225 2427 1380 2504; x_wconf 78' lang='grc' dir='ltr'>μακρότερα</span> <span class='ocrx_word' id='word_1_262' title='bbox 1395 2425 1488 2502; x_wconf 76' lang='grc' dir='ltr'>λέγειν</span> 
     </span>
     <span class='ocr_line' id='line_1_22' title="bbox 93 2526 1487 2613; baseline 0.001 -25"><span class='ocrx_word' id='word_1_263' title='bbox 93 2531 302 2602; x_wconf 77' lang='grc' dir='ltr'>πάντως·οὺδὲν</span> <span class='ocrx_word' id='word_1_264' title='bbox 325 2531 379 2611; x_wconf 79' lang='grc' dir='ltr'>γὰρ</span> <span class='ocrx_word' id='word_1_265' title='bbox 402 2534 433 2590; x_wconf 80' lang='grc' dir='ltr'>ἂν</span> <span class='ocrx_word' id='word_1_266' title='bbox 458 2532 553 2590; x_wconf 81' lang='grc' dir='ltr'>πλεῖον</span> <span class='ocrx_word' id='word_1_267' title='bbox 577 2530 616 2602; x_wconf 84' lang='grc' dir='ltr'>εἰς</span> <span class='ocrx_word' id='word_1_268' title='bbox 636 2533 665 2590; x_wconf 80' lang='grc' dir='ltr'>το</span> <span class='ocrx_word' id='word_1_269' title='bbox 687 2533 772 2609; x_wconf 80' lang='grc' dir='ltr'>παρόν</span> <span class='ocrx_word' id='word_1_270' title='bbox 792 2533 969 2611; x_wconf 67' lang='grc' dir='ltr'>ποιήσαιμεν,</span> <span class='ocrx_word' id='word_1_271' title='bbox 991 2527 1077 2613; x_wconf 92' lang='lat' dir='ltr'>quod</span> <span class='ocrx_word' id='word_1_272' title='bbox 1094 2526 1135 2591; x_wconf 87' lang='lat' dir='ltr'>A.</span> <span class='ocrx_word' id='word_1_273' title='bbox 1153 2526 1194 2590; x_wconf 88' lang='lat' dir='ltr'>G.</span> <span class='ocrx_word' id='word_1_274' title='bbox 1210 2526 1340 2590; x_wconf 85' lang='lat' dir='ltr'>Becker</span> <span class='ocrx_word' id='word_1_275' title='bbox 1355 2527 1401 2589; x_wconf 83' lang='lat' dir='ltr'>ita</span> <span class='ocrx_word' id='word_1_276' title='bbox 1416 2548 1487 2590; x_wconf 87' lang='lat' dir='ltr'>oon·</span> 
     </span>
     <span class='ocr_line' id='line_1_23' title="bbox 94 2629 1490 2710; baseline -0.004 -14"><span class='ocrx_word' id='word_1_277' title='bbox 94 2635 203 2698; x_wconf 90' lang='lat' dir='ltr'>vertit:</span> <span class='ocrx_word' id='word_1_278' title='bbox 228 2634 277 2696; x_wconf 84' lang='lat' dir='ltr'>Ich</span> <span class='ocrx_word' id='word_1_279' title='bbox 292 2644 399 2696; x_wconf 73' lang='lat' dir='ltr'>reiteste</span> <span class='ocrx_word' id='word_1_280' title='bbox 413 2634 555 2696; x_wconf 80' lang='lat' dir='ltr'>tadcrsea</span> <span class='ocrx_word' id='word_1_281' title='bbox 569 2635 662 2710; x_wconf 80' lang='lat' dir='ltr'>nicht,</span> <span class='ocrx_word' id='word_1_282' title='bbox 678 2633 805 2694; x_wconf 84' lang='lat' dir='ltr'>wesbalb</span> <span class='ocrx_word' id='word_1_283' title='bbox 822 2632 871 2694; x_wconf 80' lang='lat' dir='ltr'>ich</span> <span class='ocrx_word' id='word_1_284' title='bbox 886 2631 1011 2694; x_wconf 83' lang='lat' dir='ltr'>r&#39;tberall</span> <span class='ocrx_word' id='word_1_285' title='bbox 1025 2633 1126 2694; x_wconf 81' lang='lat' dir='ltr'>writer</span> <span class='ocrx_word' id='word_1_286' title='bbox 1140 2629 1281 2694; x_wconf 65' lang='lat' dir='ltr'>nicander</span> <span class='ocrx_word' id='word_1_287' title='bbox 1295 2631 1389 2694; x_wconf 80' lang='lat' dir='ltr'>reden</span> <span class='ocrx_word' id='word_1_288' title='bbox 1403 2629 1490 2692; x_wconf 81' lang='lat' dir='ltr'>sollte</span> 
     </span>
     <span class='ocr_line' id='line_1_24' title="bbox 95 2733 1490 2823; baseline -0.004 -21"><span class='ocrx_word' id='word_1_289' title='bbox 95 2760 161 2823; x_wconf 88' lang='lat' dir='ltr'>eqs.</span> <span class='ocrx_word' id='word_1_290' title='bbox 190 2743 298 2811; x_wconf 80' lang='grc' dir='ltr'>πόντιος</span> <span class='ocrx_word' id='word_1_291' title='bbox 325 2738 368 2802; x_wconf 91' lang='lat' dir='ltr'>ad</span> <span class='ocrx_word' id='word_1_292' title='bbox 397 2738 622 2803; x_wconf 87' lang='lat' dir='ltr'>antecedentia</span> <span class='ocrx_word' id='word_1_293' title='bbox 645 2737 819 2822; x_wconf 88' lang='lat' dir='ltr'>adsumpto</span> <span class='ocrx_word' id='word_1_294' title='bbox 842 2745 874 2800; x_wconf 91' lang='lat' dir='ltr'>et</span> <span class='ocrx_word' id='word_1_295' title='bbox 902 2736 1062 2800; x_wconf 89' lang='lat' dir='ltr'>vocabulo</span> <span class='ocrx_word' id='word_1_296' title='bbox 1086 2735 1208 2799; x_wconf 75' lang='grc' dir='ltr'>όῑόοπαίί</span> <span class='ocrx_word' id='word_1_297' title='bbox 1233 2735 1369 2800; x_wconf 85' lang='lat' dir='ltr'>reddito.</span> <span class='ocrx_word' id='word_1_298' title='bbox 1404 2733 1490 2819; x_wconf 93' lang='lat' dir='ltr'>quod</span> 
     </span>
     <span class='ocr_line' id='line_1_25' title="bbox 93 2841 1489 2924; baseline -0.004 -17"><span class='ocrx_word' id='word_1_299' title='bbox 93 2844 210 2909; x_wconf 88' lang='lat' dir='ltr'>falsum</span> <span class='ocrx_word' id='word_1_300' title='bbox 227 2865 297 2908; x_wconf 89' lang='lat' dir='ltr'>esse</span> <span class='ocrx_word' id='word_1_301' title='bbox 312 2866 406 2909; x_wconf 88' lang='lat' dir='ltr'>nemo</span> <span class='ocrx_word' id='word_1_302' title='bbox 422 2865 487 2908; x_wconf 90' lang='lat' dir='ltr'>non</span> <span class='ocrx_word' id='word_1_303' title='bbox 502 2843 602 2907; x_wconf 88' lang='lat' dir='ltr'>videt.</span> <span class='ocrx_word' id='word_1_304' title='bbox 633 2842 754 2906; x_wconf 89' lang='lat' dir='ltr'>Reiske</span> <span class='ocrx_word' id='word_1_305' title='bbox 769 2841 872 2906; x_wconf 91' lang='lat' dir='ltr'>verba</span> <span class='ocrx_word' id='word_1_306' title='bbox 892 2843 970 2903; x_wconf 74' lang='grc' dir='ltr'>οὐδέν</span> <span class='ocrx_word' id='word_1_307' title='bbox 987 2849 1019 2905; x_wconf 90' lang='lat' dir='ltr'>et</span> <span class='ocrx_word' id='word_1_308' title='bbox 1038 2847 1092 2924; x_wconf 74' lang='grc' dir='ltr'>γάρ</span> <span class='ocrx_word' id='word_1_309' title='bbox 1114 2841 1208 2905; x_wconf 88' lang='lat' dir='ltr'>sedes</span> <span class='ocrx_word' id='word_1_310' title='bbox 1230 2863 1304 2906; x_wconf 87' lang='lat' dir='ltr'>suas</span> <span class='ocrx_word' id='word_1_311' title='bbox 1319 2842 1489 2905; x_wconf 90' lang='lat' dir='ltr'>immutare</span> 
     </span>
     <span class='ocr_line' id='line_1_26' title="bbox 94 2944 1490 3032; baseline -0.004 -20"><span class='ocrx_word' id='word_1_312' title='bbox 94 2951 186 3013; x_wconf 92' lang='lat' dir='ltr'>iussit</span> <span class='ocrx_word' id='word_1_313' title='bbox 200 2952 255 3032; x_wconf 84' lang='lat' dir='ltr'>ita,</span> <span class='ocrx_word' id='word_1_314' title='bbox 271 2957 307 3013; x_wconf 89' lang='lat' dir='ltr'>ut</span> <span class='ocrx_word' id='word_1_315' title='bbox 323 2947 479 3013; x_wconf 86' lang='lat' dir='ltr'>scriberet</span> <span class='ocrx_word' id='word_1_316' title='bbox 494 2953 601 3020; x_wconf 80' lang='grc' dir='ltr'>πάντως</span> <span class='ocrx_word' id='word_1_317' title='bbox 616 2949 670 3030; x_wconf 81' lang='grc' dir='ltr'>γόιρ</span> <span class='ocrx_word' id='word_1_318' title='bbox 686 2949 773 3009; x_wconf 69' lang='grc' dir='ltr'>οὐδέν.</span> <span class='ocrx_word' id='word_1_319' title='bbox 806 2946 863 3009; x_wconf 90' lang='lat' dir='ltr'>sed</span> <span class='ocrx_word' id='word_1_320' title='bbox 880 2945 958 3009; x_wconf 92' lang='lat' dir='ltr'>nihil</span> <span class='ocrx_word' id='word_1_321' title='bbox 973 2944 1165 3009; x_wconf 88' lang='lat' dir='ltr'>mutandum</span> <span class='ocrx_word' id='word_1_322' title='bbox 1177 2967 1248 3009; x_wconf 90' lang='lat' dir='ltr'>esse</span> <span class='ocrx_word' id='word_1_323' title='bbox 1264 2965 1394 3023; x_wconf 80' lang='lat' dir='ltr'>cense03</span> <span class='ocrx_word' id='word_1_324' title='bbox 1415 2966 1490 3008; x_wconf 92' lang='lat' dir='ltr'>cum</span> 
     </span>
     <span class='ocr_line' id='line_1_27' title="bbox 94 3049 1490 3136; baseline -0.003 -20"><span class='ocrx_word' id='word_1_325' title='bbox 94 3055 179 3118; x_wconf 92' lang='lat' dir='ltr'>enim</span> <span class='ocrx_word' id='word_1_326' title='bbox 201 3059 309 3127; x_wconf 74' lang='grc' dir='ltr'>πόντιος</span> <span class='ocrx_word' id='word_1_327' title='bbox 328 3063 360 3118; x_wconf 92' lang='lat' dir='ltr'>et</span> <span class='ocrx_word' id='word_1_328' title='bbox 381 3057 458 3116; x_wconf 80' lang='grc' dir='ltr'>οὒδέν</span> <span class='ocrx_word' id='word_1_329' title='bbox 478 3055 637 3117; x_wconf 86' lang='lat' dir='ltr'>artissime</span> <span class='ocrx_word' id='word_1_330' title='bbox 658 3051 852 3115; x_wconf 89' lang='lat' dir='ltr'>cohaereant</span> <span class='ocrx_word' id='word_1_331' title='bbox 872 3059 905 3113; x_wconf 90' lang='lat' dir='ltr'>et</span> <span class='ocrx_word' id='word_1_332' title='bbox 924 3050 1003 3114; x_wconf 92' lang='lat' dir='ltr'>alios</span> <span class='ocrx_word' id='word_1_333' title='bbox 1023 3052 1083 3114; x_wconf 90' lang='lat' dir='ltr'>etsi</span> <span class='ocrx_word' id='word_1_334' title='bbox 1099 3071 1220 3136; x_wconf 91' lang='lat' dir='ltr'>paucos</span> <span class='ocrx_word' id='word_1_335' title='bbox 1239 3049 1325 3113; x_wconf 93' lang='lat' dir='ltr'>locos</span> <span class='ocrx_word' id='word_1_336' title='bbox 1340 3051 1405 3113; x_wconf 90' lang='lat' dir='ltr'>iam</span> <span class='ocrx_word' id='word_1_337' title='bbox 1420 3071 1490 3132; x_wconf 91' lang='lat' dir='ltr'>pro·</span> 
     </span>
     <span class='ocr_line' id='line_1_28' title="bbox 94 3141 1489 3243; baseline -0.005 -23"><span class='ocrx_word' id='word_1_338' title='bbox 94 3156 222 3223; x_wconf 91' lang='lat' dir='ltr'>tulerim</span> <span class='ocrx_word' id='word_1_339' title='bbox 235 3158 380 3222; x_wconf 87' lang='lat' dir='ltr'>similiter</span> <span class='ocrx_word' id='word_1_340' title='bbox 392 3165 606 3243; x_wconf 91' lang='lat' dir='ltr'>comparatos,</span> <span class='ocrx_word' id='word_1_341' title='bbox 622 3178 686 3220; x_wconf 92' lang='lat' dir='ltr'>non</span> <span class='ocrx_word' id='word_1_342' title='bbox 703 3165 761 3237; x_wconf 90' lang='lat' dir='ltr'>est,</span> <span class='ocrx_word' id='word_1_343' title='bbox 779 3178 837 3220; x_wconf 93' lang='lat' dir='ltr'>cur</span> <span class='ocrx_word' id='word_1_344' title='bbox 853 3155 1047 3239; x_wconf 90' lang='lat' dir='ltr'>scripturam</span> <span class='ocrx_word' id='word_1_345' title='bbox 1060 3154 1208 3219; x_wconf 90' lang='lat' dir='ltr'>codicum</span> <span class='ocrx_word' id='word_1_346' title='bbox 1220 3159 1327 3227; x_wconf 73' lang='grc' dir='ltr'>πόντιος</span> <span class='ocrx_word' id='word_1_347' title='bbox 1343 3141 1420 3214; x_wconf 73' lang='grc' dir='ltr'>οῦδὲν</span> <span class='ocrx_word' id='word_1_348' title='bbox 1435 3157 1489 3234; x_wconf 74' lang='grc' dir='ltr'>γάρ</span> 
     </span>
     <span class='ocr_line' id='line_1_29' title="bbox 94 3262 322 3348; baseline 0.018 -24"><span class='ocrx_word' id='word_1_349' title='bbox 94 3262 322 3348; x_wconf 90' lang='lat' dir='ltr'>relinquamus.</span> 
     </span>
    </p>

    <p class='ocr_par' dir='ltr' id='par_1_7' title="bbox 94 3361 1489 3555">
     <span class='ocr_line' id='line_1_30' title="bbox 197 3361 1489 3453; baseline -0.006 -22"><span class='ocrx_word' id='word_1_350' title='bbox 197 3368 359 3453; x_wconf 87' lang='lat' dir='ltr'>ELysiae</span> <span class='ocrx_word' id='word_1_351' title='bbox 376 3366 573 3432; x_wconf 89' lang='lat' dir='ltr'>orationibus</span> <span class='ocrx_word' id='word_1_352' title='bbox 589 3367 699 3430; x_wconf 88' lang='lat' dir='ltr'>notavi</span> <span class='ocrx_word' id='word_1_353' title='bbox 712 3364 782 3429; x_wconf 87' lang='lat' dir='ltr'>XII</span> <span class='ocrx_word' id='word_1_354' title='bbox 797 3364 840 3428; x_wconf 85' lang='grc'>23</span> <span class='ocrx_word' id='word_1_355' title='bbox 854 3368 900 3426; x_wconf 83' lang='grc' dir='ltr'>τόν</span> <span class='ocrx_word' id='word_1_356' title='bbox 915 3365 1035 3446; x_wconf 76' lang='grc' dir='ltr'>ἀδελφόν</span> <span class='ocrx_word' id='word_1_357' title='bbox 1050 3369 1104 3447; x_wconf 77' lang='grc' dir='ltr'>γάρ</span> <span class='ocrx_word' id='word_1_358' title='bbox 1120 3387 1185 3447; x_wconf 78' lang='grc' dir='ltr'>μου,</span> <span class='ocrx_word' id='word_1_359' title='bbox 1201 3363 1287 3429; x_wconf 87' lang='lat' dir='ltr'>XIII</span> <span class='ocrx_word' id='word_1_360' title='bbox 1302 3361 1344 3425; x_wconf 77' lang='lat'>73</span> <span class='ocrx_word' id='word_1_361' title='bbox 1360 3366 1374 3423; x_wconf 92' lang='grc' dir='ltr'>ό</span> <span class='ocrx_word' id='word_1_362' title='bbox 1391 3365 1489 3445; x_wconf 80' lang='grc' dir='ltr'>Φρύνι-</span> 
     </span>
     <span class='ocr_line' id='line_1_31' title="bbox 94 3469 1078 3555; baseline -0.002 -24"><span class='ocrx_word' id='word_1_363' title='bbox 94 3494 146 3550; x_wconf 88' lang='grc' dir='ltr'>χος</span> <span class='ocrx_word' id='word_1_364' title='bbox 160 3474 214 3553; x_wconf 77' lang='grc' dir='ltr'>γὰρ</span> <span class='ocrx_word' id='word_1_365' title='bbox 230 3469 316 3555; x_wconf 66' lang='grc' dir='ltr'>οὗτος,</span> <span class='ocrx_word' id='word_1_366' title='bbox 333 3472 471 3537; x_wconf 88' lang='grc' dir='ltr'>ΧΧΧΠ</span> <span class='ocrx_word' id='word_1_367' title='bbox 486 3471 525 3536; x_wconf 89' lang='grc'>21</span> <span class='ocrx_word' id='word_1_368' title='bbox 545 3475 593 3534; x_wconf 78' lang='grc' dir='ltr'>οὒκ</span> <span class='ocrx_word' id='word_1_369' title='bbox 610 3475 708 3533; x_wconf 83' lang='grc' dir='ltr'>ότοπον</span> <span class='ocrx_word' id='word_1_370' title='bbox 723 3475 777 3551; x_wconf 82' lang='grc' dir='ltr'>γάρ</span> <span class='ocrx_word' id='word_1_371' title='bbox 788 3503 823 3520; x_wconf 87' lang='grc'>--</span> <span class='ocrx_word' id='word_1_372' title='bbox 835 3472 987 3547; x_wconf 74' lang='grc' dir='ltr'>ἐπιτόόειον</span> <span class='ocrx_word' id='word_1_373' title='bbox 1002 3469 1078 3552; x_wconf 64' lang='grc' dir='ltr'>γάρ,</span> 
     </span>
    </p>

    <p class='ocr_par' dir='ltr' id='par_1_8' title="bbox 93 3563 1490 4393">
     <span class='ocr_line' id='line_1_32' title="bbox 198 3563 1490 3655; baseline -0.006 -14"><span class='ocrx_word' id='word_1_374' title='bbox 198 3577 264 3641; x_wconf 82' lang='lat' dir='ltr'>Sed</span> <span class='ocrx_word' id='word_1_375' title='bbox 286 3579 318 3641; x_wconf 93' lang='lat' dir='ltr'>in</span> <span class='ocrx_word' id='word_1_376' title='bbox 338 3563 445 3642; x_wconf 90' lang='lat' dir='ltr'>locum</span> <span class='ocrx_word' id='word_1_377' title='bbox 468 3579 566 3641; x_wconf 91' lang='lat' dir='ltr'>etiam</span> <span class='ocrx_word' id='word_1_378' title='bbox 585 3576 789 3640; x_wconf 89' lang='lat' dir='ltr'>remotiorem</span> <span class='ocrx_word' id='word_1_379' title='bbox 813 3573 854 3639; x_wconf 92' lang='lat' dir='ltr'>ab</span> <span class='ocrx_word' id='word_1_380' title='bbox 871 3575 961 3638; x_wconf 90' lang='lat' dir='ltr'>initio</span> <span class='ocrx_word' id='word_1_381' title='bbox 975 3578 1028 3655; x_wconf 78' lang='grc' dir='ltr'>γάρ</span> <span class='ocrx_word' id='word_1_382' title='bbox 1044 3594 1212 3636; x_wconf 89' lang='lat' dir='ltr'>removere</span> <span class='ocrx_word' id='word_1_383' title='bbox 1227 3582 1319 3638; x_wconf 90' lang='lat' dir='ltr'>tanta</span> <span class='ocrx_word' id='word_1_384' title='bbox 1334 3571 1490 3636; x_wconf 90' lang='lat' dir='ltr'>sermonis</span> 
     </span>
     <span class='ocr_line' id='line_1_33' title="bbox 95 3677 1489 3765; baseline -0.004 -21"><span class='ocrx_word' id='word_1_385' title='bbox 95 3680 301 3764; x_wconf 84' lang='lat' dir='ltr'>elegantioris</span> <span class='ocrx_word' id='word_1_386' title='bbox 320 3683 445 3746; x_wconf 90' lang='lat' dir='ltr'>incuria</span> <span class='ocrx_word' id='word_1_387' title='bbox 461 3680 658 3765; x_wconf 88' lang='lat' dir='ltr'>habebatur,</span> <span class='ocrx_word' id='word_1_388' title='bbox 674 3688 711 3745; x_wconf 90' lang='lat' dir='ltr'>ut</span> <span class='ocrx_word' id='word_1_389' title='bbox 726 3689 884 3761; x_wconf 86' lang='lat' dir='ltr'>oratores,</span> <span class='ocrx_word' id='word_1_390' title='bbox 901 3699 998 3762; x_wconf 90' lang='lat' dir='ltr'>quam</span> <span class='ocrx_word' id='word_1_391' title='bbox 1014 3687 1189 3763; x_wconf 86' lang='lat' dir='ltr'>potuerunt</span> <span class='ocrx_word' id='word_1_392' title='bbox 1203 3679 1360 3762; x_wconf 88' lang='lat' dir='ltr'>maxime,</span> <span class='ocrx_word' id='word_1_393' title='bbox 1375 3677 1409 3740; x_wconf 92' lang='lat' dir='ltr'>id</span> <span class='ocrx_word' id='word_1_394' title='bbox 1425 3678 1489 3739; x_wconf 88' lang='lat' dir='ltr'>evi-</span> 
     </span>
     <span class='ocr_line' id='line_1_34' title="bbox 93 3781 1489 3871; baseline -0.004 -22"><span class='ocrx_word' id='word_1_395' title='bbox 93 3795 207 3850; x_wconf 89' lang='lat' dir='ltr'>tarent.</span> <span class='ocrx_word' id='word_1_396' title='bbox 239 3807 344 3870; x_wconf 89' lang='lat' dir='ltr'>neque</span> <span class='ocrx_word' id='word_1_397' title='bbox 365 3789 464 3850; x_wconf 90' lang='lat' dir='ltr'>ceteri</span> <span class='ocrx_word' id='word_1_398' title='bbox 485 3787 658 3871; x_wconf 85' lang='lat' dir='ltr'>scriptores</span> <span class='ocrx_word' id='word_1_399' title='bbox 674 3805 829 3869; x_wconf 90' lang='lat' dir='ltr'>umquam</span> <span class='ocrx_word' id='word_1_400' title='bbox 844 3788 898 3864; x_wconf 80' lang='grc' dir='ltr'>γάρ</span> <span class='ocrx_word' id='word_1_401' title='bbox 914 3791 1028 3867; x_wconf 89' lang='lat' dir='ltr'>quarto</span> <span class='ocrx_word' id='word_1_402' title='bbox 1045 3783 1201 3845; x_wconf 89' lang='lat' dir='ltr'>enuntiati</span> <span class='ocrx_word' id='word_1_403' title='bbox 1220 3781 1292 3845; x_wconf 92' lang='lat' dir='ltr'>loco</span> <span class='ocrx_word' id='word_1_404' title='bbox 1311 3789 1489 3866; x_wconf 88' lang='lat' dir='ltr'>posuerunt</span> 
     </span>
     <span class='ocr_line' id='line_1_35' title="bbox 93 3886 1489 3976; baseline -0.004 -24"><span class='ocrx_word' id='word_1_405' title='bbox 93 3891 155 3953; x_wconf 88' lang='lat' dir='ltr'>nisi</span> <span class='ocrx_word' id='word_1_406' title='bbox 177 3893 370 3955; x_wconf 90' lang='lat' dir='ltr'>necessitate</span> <span class='ocrx_word' id='word_1_407' title='bbox 391 3890 531 3976; x_wconf 87' lang='lat' dir='ltr'>quadam</span> <span class='ocrx_word' id='word_1_408' title='bbox 551 3889 694 3954; x_wconf 90' lang='lat' dir='ltr'>adducti.</span> <span class='ocrx_word' id='word_1_409' title='bbox 725 3891 834 3973; x_wconf 90' lang='lat' dir='ltr'>itaque</span> <span class='ocrx_word' id='word_1_410' title='bbox 851 3888 896 3951; x_wconf 88' lang='lat' dir='ltr'>eis</span> <span class='ocrx_word' id='word_1_411' title='bbox 916 3887 1009 3969; x_wconf 89' lang='lat' dir='ltr'>locis,</span> <span class='ocrx_word' id='word_1_412' title='bbox 1033 3908 1112 3971; x_wconf 88' lang='lat' dir='ltr'>quos</span> <span class='ocrx_word' id='word_1_413' title='bbox 1133 3909 1232 3971; x_wconf 88' lang='lat' dir='ltr'>supra</span> <span class='ocrx_word' id='word_1_414' title='bbox 1253 3886 1489 3971; x_wconf 89' lang='lat' dir='ltr'>proposuimus,</span> 
     </span>
     <span class='ocr_line' id='line_1_36' title="bbox 95 3989 1489 4081; baseline -0.005 -21"><span class='ocrx_word' id='word_1_415' title='bbox 95 4017 169 4060; x_wconf 90' lang='lat' dir='ltr'>oum</span> <span class='ocrx_word' id='word_1_416' title='bbox 190 3996 230 4060; x_wconf 92' lang='lat' dir='ltr'>de</span> <span class='ocrx_word' id='word_1_417' title='bbox 252 4019 412 4060; x_wconf 89' lang='lat' dir='ltr'>concursu</span> <span class='ocrx_word' id='word_1_418' title='bbox 432 3995 609 4081; x_wconf 89' lang='lat' dir='ltr'>particulae</span> <span class='ocrx_word' id='word_1_419' title='bbox 629 3999 682 4076; x_wconf 85' lang='grc' dir='ltr'>γόρ</span> <span class='ocrx_word' id='word_1_420' title='bbox 703 4003 735 4057; x_wconf 88' lang='lat' dir='ltr'>et</span> <span class='ocrx_word' id='word_1_421' title='bbox 755 3991 930 4056; x_wconf 83' lang='lat' dir='ltr'>verborum</span> <span class='ocrx_word' id='word_1_422' title='bbox 944 4015 964 4056; x_wconf 88' lang='lat' dir='ltr'>a</span> <span class='ocrx_word' id='word_1_423' title='bbox 979 3992 1216 4077; x_wconf 89' lang='lat' dir='ltr'>praepositione</span> <span class='ocrx_word' id='word_1_424' title='bbox 1236 3989 1489 4076; x_wconf 88' lang='lat' dir='ltr'>dependentium</span> 
     </span>
     <span class='ocr_line' id='line_1_37' title="bbox 95 4093 1490 4184; baseline -0.007 -19"><span class='ocrx_word' id='word_1_425' title='bbox 95 4101 245 4184; x_wconf 81' lang='lat' dir='ltr'>diximus,</span> <span class='ocrx_word' id='word_1_426' title='bbox 263 4101 343 4165; x_wconf 91' lang='lat' dir='ltr'>duos</span> <span class='ocrx_word' id='word_1_427' title='bbox 359 4110 484 4165; x_wconf 90' lang='lat' dir='ltr'>tantum</span> <span class='ocrx_word' id='word_1_428' title='bbox 500 4099 621 4163; x_wconf 88' lang='lat' dir='ltr'>addere</span> <span class='ocrx_word' id='word_1_429' title='bbox 638 4119 782 4183; x_wconf 92' lang='lat' dir='ltr'>possum:</span> <span class='ocrx_word' id='word_1_430' title='bbox 799 4098 878 4160; x_wconf 91' lang='lat' dir='ltr'>Her.</span> <span class='ocrx_word' id='word_1_431' title='bbox 891 4096 926 4159; x_wconf 92' lang='lat' dir='ltr'>II</span> <span class='ocrx_word' id='word_1_432' title='bbox 940 4095 1001 4159; x_wconf 86' lang='grc'>129</span> <span class='ocrx_word' id='word_1_433' title='bbox 1016 4101 1050 4157; x_wconf 85' lang='grc' dir='ltr'>τό</span> <span class='ocrx_word' id='word_1_434' title='bbox 1065 4120 1094 4156; x_wconf 87' lang='grc' dir='ltr'>τε</span> <span class='ocrx_word' id='word_1_435' title='bbox 1110 4097 1187 4157; x_wconf 60' lang='grc' dir='ltr'>ἀλλα</span> <span class='ocrx_word' id='word_1_436' title='bbox 1202 4099 1266 4177; x_wconf 73' lang='grc' dir='ltr'>γάρ,</span> <span class='ocrx_word' id='word_1_437' title='bbox 1282 4093 1368 4179; x_wconf 92' lang='lat' dir='ltr'>quod</span> <span class='ocrx_word' id='word_1_438' title='bbox 1384 4095 1490 4156; x_wconf 92' lang='lat' dir='ltr'>minus</span> 
     </span>
     <span class='ocr_line' id='line_1_38' title="bbox 93 4191 1490 4288; baseline -0.006 -19"><span class='ocrx_word' id='word_1_439' title='bbox 93 4208 190 4271; x_wconf 91' lang='lat' dir='ltr'>miros</span> <span class='ocrx_word' id='word_1_440' title='bbox 214 4191 272 4270; x_wconf 87' lang='lat' dir='ltr'>nos</span> <span class='ocrx_word' id='word_1_441' title='bbox 288 4206 400 4288; x_wconf 88' lang='lat' dir='ltr'>habet,</span> <span class='ocrx_word' id='word_1_442' title='bbox 422 4227 496 4269; x_wconf 92' lang='lat' dir='ltr'>cum</span> <span class='ocrx_word' id='word_1_443' title='bbox 516 4209 593 4266; x_wconf 86' lang='grc' dir='ltr'>τότε</span> <span class='ocrx_word' id='word_1_444' title='bbox 614 4202 692 4265; x_wconf 73' lang='grc' dir='ltr'>ἄλλα</span> <span class='ocrx_word' id='word_1_445' title='bbox 707 4225 772 4266; x_wconf 92' lang='lat' dir='ltr'>una</span> <span class='ocrx_word' id='word_1_446' title='bbox 791 4203 877 4266; x_wconf 88' lang='lat' dir='ltr'>notio</span> <span class='ocrx_word' id='word_1_447' title='bbox 898 4203 952 4283; x_wconf 87' lang='lat' dir='ltr'>sit,</span> <span class='ocrx_word' id='word_1_448' title='bbox 974 4202 1027 4264; x_wconf 90' lang='lat' dir='ltr'>oui</span> <span class='ocrx_word' id='word_1_449' title='bbox 1041 4201 1074 4263; x_wconf 93' lang='lat' dir='ltr'>in</span> <span class='ocrx_word' id='word_1_450' title='bbox 1091 4201 1151 4281; x_wconf 89' lang='lat' dir='ltr'>eis,</span> <span class='ocrx_word' id='word_1_451' title='bbox 1168 4221 1251 4284; x_wconf 90' lang='lat' dir='ltr'>quae</span> <span class='ocrx_word' id='word_1_452' title='bbox 1268 4206 1430 4280; x_wconf 90' lang='lat' dir='ltr'>secuntur,</span> <span class='ocrx_word' id='word_1_453' title='bbox 1447 4219 1490 4260; x_wconf 84' lang='lat' dir='ltr'>ex</span> 
     </span>
     <span class='ocr_line' id='line_1_39' title="bbox 94 4299 1488 4393; baseline -0.005 -19"><span class='ocrx_word' id='word_1_454' title='bbox 94 4311 185 4375; x_wconf 91' lang='lat' dir='ltr'>solito</span> <span class='ocrx_word' id='word_1_455' title='bbox 201 4333 289 4376; x_wconf 92' lang='lat' dir='ltr'>more</span> <span class='ocrx_word' id='word_1_456' title='bbox 304 4311 351 4372; x_wconf 83' lang='grc' dir='ltr'>ναὶ</span> <span class='ocrx_word' id='word_1_457' title='bbox 368 4313 401 4387; x_wconf 84' lang='grc' dir='ltr'>δὴ</span> <span class='ocrx_word' id='word_1_458' title='bbox 417 4313 464 4372; x_wconf 75' lang='grc' dir='ltr'>ναί</span> <span class='ocrx_word' id='word_1_459' title='bbox 476 4308 659 4393; x_wconf 90' lang='lat' dir='ltr'>respondet,</span> <span class='ocrx_word' id='word_1_460' title='bbox 677 4316 709 4371; x_wconf 91' lang='lat' dir='ltr'>et</span> <span class='ocrx_word' id='word_1_461' title='bbox 721 4305 731 4393; x_wconf 82' lang='grc' dir='ltr'>ί</span> <span class='ocrx_word' id='word_1_462' title='bbox 733 4305 841 4393; x_wconf 88' lang='lat' dir='ltr'>Dem]</span> <span class='ocrx_word' id='word_1_463' title='bbox 854 4299 984 4369; x_wconf 90' lang='lat' dir='ltr'>LVIIII</span> <span class='ocrx_word' id='word_1_464' title='bbox 995 4304 1038 4368; x_wconf 94' lang='lat'>55</span> <span class='ocrx_word' id='word_1_465' title='bbox 1051 4308 1080 4366; x_wconf 80' lang='grc' dir='ltr'>οῖ)</span> <span class='ocrx_word' id='word_1_466' title='bbox 1091 4305 1191 4386; x_wconf 72' lang='grc' dir='ltr'>πολλῷ</span> <span class='ocrx_word' id='word_1_467' title='bbox 1202 4307 1294 4386; x_wconf 88' lang='grc' dir='ltr'>χρόνῳ</span> <span class='ocrx_word' id='word_1_468' title='bbox 1305 4304 1358 4386; x_wconf 79' lang='grc' dir='ltr'>γὰρ</span> <span class='ocrx_word' id='word_1_469' title='bbox 1369 4306 1488 4386; x_wconf 73' lang='grc' dir='ltr'>ὕστερον.</span> 
     </span>
    </p>
   </div>
   <div class='ocr_carea' id='block_1_5' title="bbox 0 0 1619 5092">
    <p class='ocr_par' dir='ltr' id='par_1_9' title="bbox 0 0 1619 5092">
     <span class='ocr_line' id='line_1_40' title="bbox 0 0 1619 5092; baseline 0 0"><span class='ocrx_word' id='word_1_470' title='bbox 0 0 1619 5092; x_wconf 95' lang='lat' dir='ltr'> </span> 
     </span>
    </p>
   </div>
  </div>
 </body>
</html>
