3225 5092
1281 234 1285 238 “
1400 217 1460 280 125

93 411 181 497 6,11),
195 411 318 475 ‘lactus'
334 411 400 497 (11,
416 411 465 492 11,
479 409 513 491 8,
530 410 578 493 17,
592 409 622 491 2,
635 408 669 490 2,
686 409 737 490 23,
750 409 781 489 3,
794 409 828 490 3,
841 409 893 489 27,
905 409 935 489 2,
947 408 983 490 4,
995 407 1047 492 38,
1060 407 1090 493 8,
1102 409 1132 490 3,
1147 430 1220 472 cum
1231 409 1467 493 praepositione

92 516 135 579 ‘cx'
148 519 352 581 coniunctum
366 515 417 597 13,
427 513 457 598 8,
466 514 512 600 5),
530 513 654 577 ‘sessus'
668 512 712 599 (2,
723 512 752 590 5,
762 512 797 594 2,
811 513 948 596 3,7,13;
962 513 991 593 6,
1001 512 1030 590 6,
1040 512 1075 593 4,
1090 511 1140 595 12,
1150 511 1179 594 8,
1191 511 1245 594 10,
1261 511 1310 594 18,
1323 512 1353 595 5,
1366 513 1400 595 9,
1413 512 1465 595 24,

36 637 38 696 t
91 619 112 705 l,
120 620 157 706 1).
191 630 320 706 praeter
340 619 421 684 haec
440 617 543 683 verba
562 641 668 705 pauca
687 626 814 682 tantum
829 617 944 681 Iustini
963 616 1062 681 libros
1081 617 1202 700 legenti
1224 616 1355 681 obviam
1373 616 1465 700 fiunt,

36 771 37 806 2
90 747 152 809 quae
166 725 252 811 apud
265 723 456 789 Ciceronem
471 733 503 788 et
515 722 688 787 Caesarem
700 722 845 786 nondum
857 744 967 786 secum
978 720 1100 786 habent
1115 719 1303 803 ablativum,
1320 722 1464 786 ‘tumere'

89 829 125 912 39,
137 830 194 912 2,1
213 831 349 894 ‘tumens
370 850 523 893 successu
537 827 653 892 rerum’
671 836 703 890 et
719 826 844 889 ‘virere'
862 826 914 909 30,
926 826 957 908 4,
972 825 1012 889 15
1028 826 1198 890 ‘virentem
1212 826 1396 890 recentibus
1412 849 1465 890 ex-

88 934 277 1016 perimentis',
305 956 388 1020 quae
411 932 514 998 verba
535 940 707 1017 poetarum
734 952 822 996 more
850 932 1022 1014 scriptores
1045 931 1110 994 iam
1132 929 1208 993 inde
1231 951 1251 992 a
1272 928 1368 993 Livio
1391 953 1466 994 cum

89 1037 210 1103 ablativo
232 1039 419 1103 consociare
441 1037 552 1102 solent.
573 1039 608 1101 in
624 1035 839 1100 construendo
853 1045 962 1099 autem
974 1034 1077 1099 verbo
1090 1019 1238 1119 ‘stupere'
1252 1034 1366 1098 Iustini
1382 1035 1465 1099 codi-

89 1164 128 1205 ces
142 1145 171 1207 in
187 1142 269 1208 duas
285 1153 394 1228 partes
406 1144 451 1207 ita
463 1142 643 1224 discedunt,
659 1151 695 1205 ut
707 1142 760 1206 alii
772 1140 961 1225 ablativum,
977 1141 1201 1204 accusativum
1213 1138 1268 1202 alii
1279 1137 1464 1204 exhibeant.

87 1248 119 1310 ita
129 1247 175 1329 26,
187 1247 325 1330 1,811111
337 1257 404 1312 tam
417 1270 515 1312 saeva
524 1246 740 1313 dominatione
752 1245 968 1330 stupentibus’
977 1244 1115 1309 traditur
1123 1244 1214 1309 libris
1222 1247 1325 1330 1111,
1337 1242 1464 1328 quibus-

87 1373 146 1414 cum
161 1354 362 1416 consentiunt
378 1355 474 1417 etiam
490 1349 706 1436 Transalpini,
722 1351 784 1413 nisi
800 1349 887 1434 quod
904 1349 961 1413 ‘ac'
978 1348 1100 1412 habent
1115 1371 1173 1434 pro
1188 1349 1280 1433 ί1111,
1296 1350 1328 1412 in
1343 1348 1465 1412 Italicis

86 1456 163 1520 ‘hanc
177 1465 243 1520 tam
260 1479 391 1522 saevam
408 1456 667 1520 dominationem’
681 1463 853 1532 exaratum
868 1463 925 1518 est.
957 1462 1054 1540 atque
1071 1457 1266 1537 accusativo,
1284 1456 1310 1518 si
1322 1476 1339 1517 e
1352 1452 1466 1517 Iustini

86 1564 222 1626 sermonis
243 1562 475 1626 consuetudine
495 1584 564 1626 rem
585 1568 722 1647 spectac,
743 1559 833 1640 nihil,
855 1568 943 1645 puto,
963 1561 1119 1645 reperies,
1145 1559 1230 1645 quod
1251 1559 1370 1639 obstet,
1390 1580 1464 1622 narn

85 1685 145 1729 cum
158 1666 345 1730 adfectuum
360 1666 470 1730 verbis
486 1688 565 1749 rem,
586 1687 651 1750 qua
665 1666 790 1728 animus
806 1672 964 1749 movetur,
985 1666 1172 1728 accusativo
1189 1684 1377 1750 expressam
1394 1685 1466 1726 con·

34 1773 35 1784 ¹
84 1771 159 1853 iungi
173 1772 237 1834 iam
254 1793 352 1856 supra
367 1770 516 1834 vidimus.
548 1791 662 1834 verum
678 1771 704 1831 si
720 1771 749 1831 ei
765 1769 821 1851 rei,
843 1767 928 1854 quod
944 1768 1092 1854 plurimis
1112 1768 1279 1837 codicibus
1295 1777 1327 1833 et
1342 1769 1387 1831 eis
1402 1790 1466 1831 non

84 1876 215 1958 pessimis
227 1874 389 1939 ablativus
401 1875 548 1954 traditur,
562 1870 684 1958 aliquid
696 1872 904 1938 tribuendum
917 1895 1040 1956 censes,
1056 1873 1143 1937 hunc
1156 1895 1267 1937 casum
1278 1874 1465 1937 accusativo

84 1979 242 2060 praeferes.
266 1981 342 2043 item
354 1979 406 2060 24,
415 1979 445 2062 6,
456 1978 475 2041 8
488 1977 650 2042 ablativus
660 1977 882 2041 ‘admiratione
891 1977 1105 2061 stupentibus'
1116 1999 1189 2041 cum
1203 1977 1315 2040 codice
1324 1980 1346 2039 0
1355 1985 1466 2040 contra

33 2101 34 2104 ’
84 2083 197 2147 codices
209 2086 275 2148 ΓΓΠ
292 2083 556 2148 ‘admirationem’
572 2081 763 2146 exhibentes
778 2081 967 2146 retinendus
983 2103 1054 2146 csse
1070 2081 1206 2146 videtur.
1231 2081 1289 2145 sed
1305 2082 1398 2145 aliter
1413 2082 1466 2145 hic

83 2185 159 2250 locus
179 2188 389 2273 accipiendus
406 2186 660 2270 1111126,1,8.
691 2210 767 2253 nam
788 2210 862 2251 cum
878 2185 929 2271 26,
943 2188 972 2267 1,
986 2186 1005 2249 8
1026 2187 1188 2251 ablativus
1204 2190 1312 2251 ‘saeva
1326 2185 1467 2250 domina

33 2293 34 2302 ’
83 2291 165 2354 tione'
185 2301 349 2377 tamquam
371 2293 533 2357 obiectum
555 2294 595 2355 sit
614 2290 708 2355 verbi
725 2292 874 2378 ‘stupere'
893 2290 1014 2377 (nostro
1031 2313 1178 2356 sermone
1194 2291 1297 2356 dicas:
1319 2290 1467 2354 ‘uberate

83 2417 234 2476 praesume
258 2397 479 2482 Herrachaft’),
502 2396 564 2460 hoc
587 2397 656 2460 loco
679 2396 912 2460 ‘admiratione'
933 2419 997 2460 non
1020 2396 1196 2479 obiectum,
1221 2395 1278 2460 sed
1299 2418 1397 2459 causa
1420 2404 1468 2458 est

85 2500 220 2584 stupendi
243 2507 326 2585 (uae
346 2501 590 2585 Bcwandcranp,
611 2523 666 2563 111
688 2501 972 2586 Vcrwarcdcrunp').
1008 2522 1113 2585 neque
1133 2502 1232 2586 igitur
1251 2502 1466 2582 accusativus,

84 2605 167 2684 quiin
179 2608 245 2690 ΓΓΠ
258 2615 366 2668 exstat
378 2627 452 2669 cum
464 2604 687 2690 ‘stupentibus'
697 2613 803 2690 potest
816 2606 967 2687 coniungi
979 2643 1020 2650 —
1033 2605 1094 2668 hoc
1107 2607 1192 2671 enim
1203 2605 1326 2670 nullum
1338 2604 1466 2668 omnino

84 2706 215 2774 efficeret
232 2731 361 2773 sensum
374 2708 486 2772 -sed
501 2709 693 2772 adverbum
707 2707 832 2772 ‘adfert’
846 2707 1036 2771 referendus
1052 2717 1110 2772 est.
1139 2708 1223 2793 quod
1241 2711 1267 2772 si
1279 2731 1393 2772 verum
1408 2717 1466 2790 est,

32 2793 34 2888 l
85 2813 269 2878 everborum
279 2813 486 2876 collocatione
497 2815 567 2897 ipsa
575 2812 711 2897 adparet
719 2815 944 2876 accusativum
953 2811 1289 2877 ‘admirationem'non
1297 2813 1467 2877 ablustino

84 2916 251 2996 profectum
267 2939 347 2981 esse.
380 2918 434 3001 qui
450 2919 475 2980 si
491 2917 644 2980 voluisset
660 2916 926 2981 ‘admirationem'
945 2918 1027 2980 sicut
1043 2917 1218 2981 ‘terrorem’
1232 2917 1325 2981 verbi
1341 2917 1465 2981 ‘adfert'

85 3018 232 3086 obiectum
248 3044 328 3103 esse,
345 3020 582 3085 substantivum
595 3021 862 3086 ‘admirationem'
876 3031 932 3086 aut
944 3043 1018 3086 cum
1029 3043 1110 3086 voce
1124 3021 1296 3086 ‘terrorem'
1309 3023 1380 3106 ipsa
1395 3043 1467 3085 con·

32 3149 34 3214 ,
86 3123 230 3190 iunxisset
245 3124 354 3190 verbis
367 3127 497 3210 ‘ignaris
513 3127 569 3189 rei’
586 3149 650 3190 non
665 3128 852 3208 interiectis,
869 3137 934 3209 aut,
950 3127 985 3191 id
999 3127 1084 3212 quod
1100 3128 1168 3192 veri
1181 3126 1314 3191 similius
1330 3134 1387 3208 est,
1404 3124 1467 3190 ‘ad-

32 3217 34 3272 l
85 3229 282 3294 mirationem'
307 3239 380 3316 post
404 3230 626 3316 ‘stupentibus'
652 3231 841 3296 collocasset
863 3233 922 3318 ita,
946 3241 982 3296 ut
1005 3231 1165 3297 chiasmus
1189 3233 1380 3314 exoriretur,
1405 3253 1468 3316 qua

32 3373 34 3394 .
84 3329 174 3414 figura
189 3335 241 3399 illc
257 3337 375 3399 mirum
391 3344 546 3419 quantum
563 3334 750 3413 delectatur.
782 3359 801 3398 a
818 3336 982 3401 Ciceronis
998 3336 1137 3422 denique
1153 3337 1291 3401 dictione
1311 3335 1469 3400 recedunt

32 3445 34 3530 ζ
85 3435 233 3503 adiectiva
250 3439 387 3504 ‘anxius'
405 3450 436 3503 et
453 3440 635 3504 ‘animosus'
653 3463 726 3504 cum
746 3439 888 3505 ablativo
910 3439 1030 3505 causali
1051 3443 1235 3506 coniuncta:
1259 3441 1311 3525 23,
1324 3440 1387 3523 3,6
1404 3444 1467 3505 ‘an-

32 3557 34 3628 ,
85 3539 147 3605 1111
171 3552 238 3608 tam
264 3545 415 3628 ambiguo
442 3545 607 3630 periculo',
640 3545 689 3626 11,
715 3545 765 3627 10,
792 3545 832 3608 12
859 3547 1020 3610 ‘animosis
1047 3546 1155 3631 Tyriis
1181 3546 1301 3611 fiducia
1326 3544 1467 3610 Kartha·

32 3637 33 3648 ¹
85 3646 283 3726 giniensium'.

543 3832 592 3885 De
608 3832 758 3888 ablativo
772 3832 1003 3889 instrumenti.

178 3959 351 4025 Ablativus
372 3962 576 4026 instrumenti
591 3962 632 4027 ab
648 3962 771 4028 Iustino
790 3965 913 4049 pariter
932 3972 1030 4049 atque
1050 3963 1092 4028 ab
1116 3964 1187 4029 aliis
1208 3963 1417 4053 scriptoribus
1437 3972 1469 4028 et

86 4061 183 4127 verbis
199 4074 232 4128 et
247 4063 416 4129 adiectivis
432 4065 615 4151 adponitur,
636 4066 693 4132 ubi
712 4069 960 4133 instrumentum
980 4076 1029 4133 est
1050 4069 1307 4154 significandum,
1329 4092 1392 4155 quo
1412 4069 1468 4133 ali-

86 4166 154 4246 quid
177 4168 325 4234 efficitur.
360 4171 406 4234 ita
428 4170 459 4254 2,
479 4169 509 4253 5,
530 4170 549 4233 6
571 4171 740 4258 ‘supplicia
763 4173 915 4238 crucibus
938 4173 1088 4257 luerunt',
1112 4196 1194 4239 voce
1214 4173 1383 4239 ‘crucibus'
1404 4195 1469 4237 non

86 4265 175 4355 locus,
191 4273 248 4338 sed
263 4276 512 4340 instrumentum
527 4275 699 4359 indicatur,
716 4297 778 4361 quo
795 4279 880 4341 servi
896 4300 1016 4364 poenas
1033 4278 1200 4364 dederunt,
1217 4288 1249 4342 et
1263 4278 1313 4356 41,
1326 4277 1357 4363 4,
1372 4277 1389 4339 7
1407 4276 1469 4341 ‘hic

89 4371 188 4440 solitus
198 4377 373 4444 latrociniis
386 4389 417 4443 et
428 4389 519 4466 rapto
531 4380 661 4463 vivere',
680 4379 867 4446 ‘latrocinia'
877 4391 908 4446 et
920 4383 1069 4469 ‘raptum'
1082 4393 1247 4467 tamquam
1257 4384 1470 4448 instrumenta

91 4487 165 4560 sunt,
179 4481 294 4566 quibus
306 4483 448 4548 Arsaces
460 4485 560 4549 vitam
572 4483 741 4568 tolerabat,
759 4487 799 4550 cf.
814 4486 891 4552 Sall.
901 4488 985 4553 Hist.
999 4489 1029 4573 3,
1041 4487 1084 4552 52
1101 4490 1202 4572 ‘rapto
1218 4489 1329 4552 vivere
1345 4487 1467 4552 coacti'.

92 4575 156 4644 item
169 4583 284 4670 31,1,8
297 4587 339 4652 ad
347 4590 553 4674 participium
564 4589 737 4654 ‘adsuetus'
747 4593 875 4656 accedit
886 4591 1047 4656 ablativus
1058 4594 1276 4656 instrumenti:
1290 4592 1469 4685 ‘adsuetum
