3225 5092
117 239 158 304 22

118 433 282 517 superiore
298 440 412 512 tonost,
429 453 526 518 quam
540 435 654 517 prima,
672 431 789 497 deinde
882 433 1039 497 Varronis
1054 433 1092 497 fr.
1109 432 1147 494 11
1163 431 1303 516 (Charis.
1320 454 1352 517 p.
1367 430 1418 508 18,
1431 430 1482 517 4):

117 537 292 601 novissima
304 535 456 618 deicitur3
469 544 503 599 at
514 539 546 600 in
561 559 638 600 casu
649 537 789 601 vocandi
844 538 976 601 ‘Lucius
992 547 1024 600 et
1036 535 1192 601 Aemilius
1205 546 1237 600 et
1249 546 1359 600 cetera
1373 538 1517 616 nomina,

118 663 242 706 summo
255 649 361 705 tonost
373 642 487 725 prima,
501 639 620 704 deinde
628 639 790 724 gradatim
844 664 927 726 quae
943 651 1018 706 ante
1031 641 1061 704 V
1074 641 1196 705 habent
1211 642 1237 723 I,
1254 641 1376 725 duplici
1392 642 1409 704 Ι
1424 663 1518 724 gene-

118 745 341 835 descendunt.'
845 747 912 809 tivo
924 745 1079 829 singulari
1091 746 1177 810 finiri
1186 744 1319 829 debent,
1331 767 1373 808 16
1385 740 1519 808 necesse

118 851 159 913 sit
182 848 340 913 adversus
363 849 623 913 observationem
647 851 813 914 nominum
835 852 1032 914 nominativo
1055 852 1213 914 minorem
1231 849 1302 913 fieri
1322 851 1519 934 genetivum,

119 954 216 1038 idque
233 952 339 1017 Varro
365 952 497 1017 tradens
517 953 616 1018 adicit
644 957 831 1018 vocativum
852 976 979 1040 quoque
1005 953 1199 1038 singularem
1221 953 1333 1018 talium
1355 956 1520 1018 nominum

118 1080 177 1144 per
192 1056 315 1142 duplex
330 1059 347 1121 Ι
362 1057 461 1122 scribi
478 1057 609 1135 debere,
626 1056 684 1121 sed
700 1066 832 1144 propter
848 1059 1064 1123 differentiam
1080 1081 1213 1124 casuum
1230 1058 1411 1143 corrumpi!

116 1178 237 1264 Nigidii
246 1179 284 1243 fr.
291 1179 460 1245 XXXVII
466 1177 666 1265 (GelleIl,
677 1178 729 1261 26,
739 1179 790 1266 4):
900 1181 1017 1244 Lucilii
1032 1180 1070 1244 fr.
1084 1179 1132 1243 VI
1144 1190 1177 1244 61
1187 1179 1254 1243 VH
1264 1178 1338 1243 libri
1349 1177 1470 1260 VIIII,

118 1303 154 1363 ‘si
175 1299 280 1365 ‘huius
299 1302 408 1364 terrai’
431 1302 569 1382 scribas,
593 1304 604 1366 i
624 1302 730 1367 littera
751 1302 791 1364 sit
845 1302 998 1388 equibus
1016 1302 1153 1387 adparet
1170 1302 1414 1365 commendasse
1432 1300 1521 1365 illum

49 1443 52 1457 ‹
120 1414 274 1482 extrema,
297 1407 323 1469 si
344 1405 429 1470 ‘huic
449 1407 575 1486 terrae',
598 1428 657 1492 per
678 1428 695 1469 6
717 1408 790 1470 scri·
844 1408 1001 1471 rationem
1023 1429 1144 1486 eorum,
1174 1407 1228 1492 qui
1250 1406 1300 1471 ‘ai'
1321 1407 1472 1489 genetivo
1489 1413 1521 1468 et

118 1508 261 1573 bendum
278 1509 347 1574 est'
844 1511 954 1574 dativo
986 1510 1087 1597 (huic
1113 1510 1306 1591 Terentiai’,
1334 1508 1520 1592 ‘Orbiliai’),

845 1615 903 1679 ‘ae’
916 1617 1113 1680 nominativo
1125 1615 1206 1701 plur.
1220 1613 1279 1700 (hi
1291 1613 1421 1699 Syllae’,
1437 1611 1521 1677 ‘Gal-

842 1719 931 1804 bae')
955 1719 1157 1784 adhiberent.
1185 1719 1251 1783 vid.
1270 1718 1420 1783 Muelleri
1440 1740 1523 1783 com·

844 1834 942 1889 ment.
956 1847 987 1909 p.
1002 1823 1067 1887 222
1078 1845 1125 1908 sq.

120 1943 180 2007 hos
197 1943 239 2006 ad
251 1941 339 2007 locos
352 1945 464 2007 tertius
481 1945 609 2008 accedit
625 1946 711 2030 apud
725 1944 807 2011 (tell.
821 1946 966 2029 XVIIII,
981 1945 1031 2026 14,
1044 1945 1064 2008 8
1077 1955 1235 2009 servatus.
1263 1944 1426 2030 discrepat
1438 1945 1524 2007 enim

120 2057 153 2110 et
175 2071 194 2111 a
215 2048 334 2112 Lucilii
358 2059 390 2112 et
413 2072 432 2110 a
452 2049 608 2113 Varronis
631 2052 815 2135 praeceptis
838 2052 998 2114 sententia
1017 2050 1156 2133 Nigidii,
1180 2071 1277 2134 quam
1300 2048 1345 2113 ibi
1369 2049 1520 2132 legimus:

122 2150 284 2216 ‘Graecos
305 2175 369 2216 non
390 2163 501 2216 tantae
521 2155 668 2220 inscitiae
688 2178 832 2238 arcesso,
852 2157 907 2239 qui
927 2179 957 2216 ου
977 2178 1020 2220 ex
1035 2179 1049 2216 0
1065 2164 1127 2218 611
1144 2155 1352 2239 scripserunt,
1374 2162 1524 2237 quantae,

119 2259 174 2342 qui
190 2256 248 2342 ei¹)
270 2259 443 2321 execti:
465 2257 544 2321 illud
568 2259 654 2323 enim
673 2261 782 2344 inopia
802 2260 960 2341 fecerunt,
984 2259 1046 2323 hoc
1068 2257 1155 2322 nulla
1175 2280 1210 2321 re
1232 2256 1409 2342 subacti.'²)
1440 2256 1523 2321 haec

119 2362 172 2445 qui
195 2359 287 2442 dixit,
311 2364 338 2426 is
359 2362 409 2426 ‘ei'
432 2383 490 2446 pro
513 2363 542 2426 ‘i'
566 2385 630 2427 non
653 2365 756 2447 magis
780 2363 924 2427 scribere
944 2365 1047 2448 potuit
1067 2363 1100 2425 in
1121 2362 1251 2426 casibus
1271 2363 1436 2426 nominum
1461 2361 1522 2424 dis-

122 2466 304 2547 cernendis,
322 2487 419 2550 quam
434 2468 468 2529 in
485 2465 630 2552 qualibet
645 2467 708 2532 alia
724 2467 860 2554 syllaba.
892 2467 977 2552 quod
994 2469 1021 2530 si
1036 2476 1193 2548 tenemus,
1210 2466 1250 2531 de
1266 2467 1328 2530 alio
1343 2465 1524 2549 fragmento

119 2569 294 2652 Nigidiano
310 2593 330 2634 a
347 2568 618 2655 (16111οΧ111,26
638 2571 718 2636 10011
738 2573 799 2636 11111
820 2572 915 2636 modo
942 2562 1201 2636 commemoratis
1221 2570 1410 2654 interposito
1431 2569 1474 2653 (ᾗ.
1487 2569 1523 2654 4)

121 2673 214 2738 aliter
230 2674 323 2739 nobis
340 2675 549 2741 statuendum
569 2678 630 2739 erit
650 2686 748 2762 atque
763 2676 1000 2742 Wilmannsius
1017 2699 1047 2761 p.
1062 2675 1114 2757 90,
1132 2674 1207 2738 adn.
1224 2676 1240 2737 1
1258 2681 1290 2737 61
1298 2673 1337 2738 L.
1347 2672 1524 2737 Muellerus

118 2781 152 2842 in
174 2787 345 2843 comment.
369 2779 411 2842 ad
432 2779 550 2843 Lucilii
568 2780 644 2845 libri
659 2780 768 2845 VIIII.
781 2782 821 2845 fr.
834 2781 885 2845 XI
901 2781 1057 2845 fecerunt.
1096 2779 1154 2842 sed
1178 2800 1240 2864 quo
1266 2776 1391 2841 facilius
1414 2798 1522 2841 meam

118 2883 282 2948 declarem
298 2885 500 2968 sententiam,
521 2884 606 2948 infra
627 2885 730 2951 verba
745 2886 868 2969 Nigidii
890 2895 1034 2951 correcta
1048 2887 1141 2948 iuxta
1156 2883 1275 2948 Lucilii
1291 2881 1522 2965 fragmentum,

121 2985 208 3072 quod
224 2986 287 3050 huc
303 2988 453 3073 pertinet,
469 3009 602 3073 ponam:

371 3090 535 3175 Nigidius:
1102 3090 1262 3155 Lucilius:

119 3195 155 3258 ‘si
186 3194 289 3259 ‘huius
322 3195 429 3259 amici'
458 3196 511 3260 vel
540 3195 643 3260 ‘huius
671 3199 791 3281 magni'
847 3197 927 3260 ‘lam
959 3197 1072 3281 puerei
1100 3195 1239 3259 venere.'
1272 3218 1290 3259 e
1321 3203 1522 3280 postremum

122 3297 254 3378 scribas,
271 3321 372 3363 unum
388 3302 398 3363 i
414 3300 511 3365 facito
528 3310 720 3380 extremum,
743 3303 792 3364 sin
845 3302 943 3365 facito
959 3311 1055 3384 atque
1071 3302 1091 3383 i,
1112 3301 1117 3385 Ι
1136 3309 1173 3363 11
1189 3302 1282 3384 pueri
1302 3297 1411 3384 plures
1432 3299 1521 3364 fiant.

117 3426 194 3466 vero
222 3401 276 3465 ‘hii
306 3405 447 3488 magnii',
473 3405 526 3468 ‘hii
557 3406 685 3487 amicii’,
715 3429 793 3470 casu
846 3405 894 3468 isi
907 3405 981 3468 faci'
992 3405 1103 3486 solum,
1124 3403 1128 3489 Ι
1150 3403 1273 3488 ‘pupilli
1286 3404 1389 3486 pueri,
1402 3402 1519 3467 Lucili'
1582 3400 1583 3405 ’

118 3505 330 3571 multitudinis
353 3520 452 3591 16010,
473 3519 540 3574 tum
559 3511 570 3572 i
591 3520 666 3574 ante
687 3512 697 3573 i
718 3512 793 3574 scri·
846 3507 908 3572 hoc
924 3507 1011 3572 uniu'
1029 3509 1105 3572 fiet'

118 3610 262 3675 bendum
279 3613 341 3676 erit
356 3621 453 3697 atque
470 3614 503 3677 id
519 3615 626 3700 ipsum
641 3614 742 3678 facies
759 3615 791 3677 11
846 3612 929 3677 Cum
942 3613 1068 3677 Lucilio
1080 3613 1185 3676 Varro
1198 3612 1368 3693 consentit,
1385 3612 1426 3675 cf.
1442 3611 1520 3674 Wil-

121 3714 300 3780 similibus.’
846 3740 970 3782 manns.
984 3740 1015 3802 p.
1029 3717 1072 3781 90
1088 3726 1120 3780 61
1136 3717 1174 3780 fr.
1188 3716 1240 3780 44.

220 3819 412 3904 Rutgersius
445 3821 593 3906 Eggerus
625 3821 859 3887 Wilmannsius
894 3822 932 3886 L.
964 3821 1140 3886 Muellerus
1176 3818 1396 3883 Buechelerus
1438 3817 1519 3904 (lat.

118 3921 292 3989 Declinat.'
314 3947 346 4010 p.
365 3925 421 4011 38)
442 3928 614 4011 scriptura,
642 3948 738 4012 quam
760 3925 889 3990 codices
909 3935 1039 4010 praeter
1059 3926 1214 4010 optimum
1235 3924 1266 4004 Q
1289 3922 1376 4008 (utor
1395 3922 1523 3986 Hertzii

223 4100 244 4165 ¹)
257 4101 307 4150 ‘Ei'
320 4117 368 4166 pro
382 4102 408 4149 ‘i'
421 4103 525 4151 restitui
539 4116 554 4152 6
567 4101 712 4151 codicibus.

223 4187 242 4250 ²)
257 4187 417 4252 Roehrigius
429 4203 453 4252 p.
464 4190 496 4236 41
510 4188 579 4238 haec
595 4187 713 4252 adnotat,
732 4203 801 4254 quae
819 4188 931 4253 probare
947 4187 1023 4237 nullo
1041 4187 1119 4238 modo
1136 4203 1256 4254 possum:
1275 4185 1521 4250 ι1111111111131111

116 4281 288 4340 praeceptum
310 4275 338 4323 in
355 4274 463 4324 brevius
479 4279 646 4324 contractum
663 4291 722 4325 esse
739 4291 844 4338 censeo,
866 4282 904 4339 ut,
921 4276 986 4341 quid
1002 4275 1130 4337 voluerit,
1149 4291 1203 4324 non
1220 4274 1301 4339 plane
1317 4274 1520 4338 perspiciamus.

117 4361 188 4425 quod
204 4367 293 4410 autem
305 4360 415 4412 Graecis
427 4378 455 4409 ου
469 4377 501 4412 ex
514 4379 526 4411 o
540 4368 567 4412 et
580 4379 593 4410 υ
605 4363 783 4412 scribentibus
797 4365 903 4413 veniam
918 4363 1031 4414 dandam
1050 4379 1109 4413 6116
1128 4363 1201 4423 dicit,
1218 4362 1283 4427 quia
1294 4361 1386 4425 inopia
1397 4360 1521 4424 iecerint,

116 4463 170 4496 non
183 4447 216 4498 de
228 4454 319 4498 vetere
332 4448 496 4514 diphthongo
510 4466 537 4497 ou
549 4471 579 4492 =
591 4466 634 4512 ou,
652 4450 699 4500 sed
712 4450 745 4500 de
759 4451 979 4516 monophthongo
992 4467 1020 4498 ου
1033 4473 1063 4492 =
1074 4468 1092 4500 u
1105 4448 1277 4516 cogitandum
1298 4447 1347 4496 est'
1360 4473 1392 4482 —
1406 4447 1434 4496 id
1446 4448 1520 4513 quod

117 4549 227 4583 monere
244 4535 407 4600 superfluum
426 4540 483 4585 erat
496 4553 541 4598 -3
565 4539 623 4588 ‘nec
641 4537 674 4587 de
690 4538 871 4587 Romanorum
890 4543 982 4589 vetere
1000 4537 1165 4604 diphthongo
1182 4537 1208 4586 ei
1224 4535 1291 4584 veli
1308 4535 1403 4599 pingui
1419 4534 1519 4584 intere

117 4624 144 4669 61
156 4622 164 4669 1
178 4622 292 4684 sonanti,
305 4620 351 4672 sed
364 4621 397 4671 de
409 4623 419 4670 i
431 4621 512 4687 longa
526 4637 586 4672 eum
600 4623 756 4674 disseruisse
768 4625 937 4690 putabimus’.
