3225 5092
110 212 153 277 90

111 405 153 470 ad
181 407 357 490 posteriora
384 427 485 491 usque
512 414 658 489 tempora
685 427 757 469 eam
783 406 998 490 permansisse
1022 406 1163 469 Victoris
1185 405 1328 470 Vitensis
1354 405 1503 470 Martiani

110 509 261 595 Capellae
291 509 425 575 aliorum
456 511 583 595 scriptis
615 509 852 596 comprobatur.
891 510 1108 595 copiosissime
1135 509 1176 574 de
1203 509 1265 574 hac
1291 533 1326 574 10
1354 510 1504 575 disseruit

110 613 307 679 usitatius
327 615 359 677 in
383 617 477 678 tertia
497 624 589 700 parte
608 613 696 699 libri,
721 617 772 678 cui
790 617 955 699 inscripsit
978 615 1050 678 ‘Die
1070 614 1188 677 10001011
1210 613 1505 678 Vorachiodenlzeitou

110 721 165 782 dor
196 719 393 782 lateinisches
421 719 559 804 Spraobc
589 720 644 781 mit
674 718 856 783 basondcror
882 719 1174 805 Bcrttclcaicbtipanp
1200 720 1254 782 dcc
1279 719 1504 805 africoniacbeo

111 825 236 887 Loteins
252 823 429 910 (Erlangae
447 823 595 911 1882)’.1)
625 847 739 889 verum
758 847 823 889 non
843 823 1076 889 solumbonum
1095 824 1253 888 inferioris
1273 826 1387 888 aetatis
1407 826 1504 908 scrip-

110 937 215 994 torum
236 951 325 1006 usus,
346 927 387 991 de
408 950 471 1013 quo
491 930 609 1011 agitur,
631 930 780 1014 proprius
801 938 863 1011 est,
886 928 944 993 sed
964 931 1067 1013 prima
1087 931 1155 992 eius
1174 930 1310 1012 vestigia
1328 930 1393 992 iam
1417 929 1505 1014 apud

110 1041 220 1118 poetas
228 1035 342 1097 aetatis
352 1032 539 1116 Augusteae
549 1032 749 1118 deprehendi
759 1043 902 1119 possunt,
914 1033 1014 1097 veluti
1024 1032 1111 1118 apud
1120 1032 1299 1118 Vergilium
1308 1032 1391 1100 Aen.
1401 1034 1431 1115 2,
1440 1033 1504 1097 458

110 1138 237 1202 ‘summi
249 1137 379 1222 fastigia
391 1138 559 1215 culminis',
571 1138 602 1222 b,
611 1138 675 1201 422
689 1139 832 1223 ‘magnos
844 1137 1061 1202 membrorum
1070 1138 1210 1223 artus'.'²)
1231 1137 1372 1203 Iustinus
1384 1147 1504 1215 autem,

110 1245 234 1308 etiamsi
253 1242 309 1306 illa
329 1245 484 1307 sermonis
500 1242 672 1328 Apuleiani
693 1243 908 1324 abundantia,
932 1265 1014 1327 quae
1035 1242 1122 1307 haud
1143 1265 1216 1307 raro
1236 1242 1278 1307 ad
1298 1243 1506 1328 tautologiam

109 1348 249 1429 accedit,
274 1348 306 1410 in
330 1349 398 1412 eius
423 1370 520 1434 opere
543 1371 605 1412 non
628 1349 801 1433 reperitur,
826 1350 903 1411 satis
925 1347 1049 1432 largam
1072 1357 1179 1412 tamen
1203 1347 1339 1434 praebet
1360 1348 1505 1414 locorum

112 1454 252 1538 copiam,
274 1453 330 1516 ubi
350 1452 589 1518 substantivum
609 1475 684 1518 curn
703 1454 853 1536 genetivo
874 1455 1046 1537 synonymi
1068 1454 1279 1518 consociatur.
1318 1475 1423 1538 neque
1444 1453 1505 1517 dis-

110 1566 221 1644 crepat
239 1558 301 1622 hac
320 1559 353 1622 in
373 1580 407 1622 re
427 1558 469 1622 ab
491 1579 528 1622 eo
549 1557 664 1640 studio,
686 1558 771 1642 quod
787 1565 957 1642 praeterea
973 1579 1050 1642 prae
1071 1579 1105 1621 se
1121 1558 1184 1621 fert
1203 1567 1235 1621 et
1256 1579 1292 1620 eo
1314 1567 1448 1641 spectat,
1471 1567 1507 1620 ut

109 1665 285 1728 orationem
302 1663 449 1728 ubertate
465 1663 606 1748 quadam
621 1662 805 1748 amplificet.
839 1651 902 1726 iam
918 1671 952 1725 ut
972 1664 1125 1746 aperiam,
1147 1661 1256 1748 qualia
1273 1663 1338 1725 sint
1357 1661 1413 1725 illa
1432 1661 1507 1725 sub-

110 1769 250 1831 stantiva
266 1789 456 1853 synonyma,
474 1789 512 1830 ea
528 1766 727 1852 praevalent,
744 1789 828 1852 quae
845 1767 1030 1849 cogitationi
1046 1775 1171 1830 tantum
1183 1765 1329 1830 subiecta
1341 1776 1425 1848 sunt,
1440 1789 1506 1829 non

110 1874 225 1936 sensui.
258 1895 296 1935 ac
313 1894 409 1958 saepe
430 1873 516 1936 notio
538 1871 742 1956 substantivi,
764 1894 806 1934 ex
822 1893 884 1956 quo
901 1870 1022 1955 pendet
1041 1872 1222 1954 genetivus,
1244 1869 1338 1934 huius
1354 1872 1508 1955 exprimit

110 1977 296 2061 qualitatem
317 1975 370 2039 vel
389 1985 516 2061 partem
537 1975 706 2060 significat.
743 1975 793 2038 his
813 1977 911 2060 igitur
933 1977 966 2038 in
989 1977 1177 2039 universum
1201 1976 1355 2060 expositis
1379 1975 1507 2058 singula

110 2103 192 2165 quae
213 2080 399 2165 collegimus
420 2079 570 2164 exempla
589 2082 621 2143 in
643 2088 819 2165 conspectu
840 2100 1012 2165 ponamus:
1033 2077 1506 2160 2,13,121000001110001110,

110 2185 161 2266 24,
179 2185 208 2267 6,
225 2183 244 2246 8
266 2185 348 2248 ‘saxi
368 2185 474 2270 rupes’
496 2185 550 2267 (cf.
568 2183 666 2270 Apul.
682 2185 760 2248 Met.
777 2183 808 2266 5,
827 2183 867 2248 27
889 2187 981 2247 ‘saxa
1002 2181 1184 2268 cautium'),
1207 2183 1259 2264 43,
1277 2182 1307 2264 2,
1328 2182 1367 2245 10
1387 2181 1506 2246 ‘adule-

110 2291 232 2354 scentia
254 2288 400 2353 iuvenis'.
440 2291 523 2353 siout
545 2291 576 2352 in
601 2289 662 2352 hoc
686 2288 835 2375 exemplo
859 2288 892 2352 id
916 2288 1001 2373 quod
1026 2289 1191 2373 proprium
1213 2309 1251 2351 ac
1275 2287 1438 2372 peculiare
1458 2296 1507 2350 est

110 2395 234 2478 iuvenis
251 2394 369 2459 diserte
385 2395 586 2479 exprimitur,
602 2394 647 2457 ita
665 2394 713 2474 11,
727 2393 757 2475 4,
770 2393 790 2456 9
806 2393 1011 2480 profugiendi
1023 2395 1181 2456 actionem
1197 2392 1323 2476 planius
1338 2414 1436 2477 quarn
1452 2414 1506 2454 ne-

110 2521 199 2562 cesse
212 2507 261 2562 est
273 2499 416 2583 explicat
428 2500 565 2584 scriptor
576 2496 626 2562 his
640 2497 761 2561 verbis:
776 2499 895 2583 ‘portas
907 2498 1040 2580 refugiis
1052 2497 1279 2582 profugorum.
1291 2547 1297 2560 .
1308 2547 1315 2559 .
1326 2494 1505 2580 aperuere'.

109 2602 195 2666 haud
207 2611 294 2666 recte
304 2601 459 2667 Ruehlius
472 2605 621 2667 orationis
634 2601 853 2666 abundantiae
866 2600 1025 2666 tollendae
1036 2623 1135 2665 causa
1146 2621 1262 2666 vocem
1274 2599 1504 2684 ‘profugorum’

109 2709 277 2792 expunxit.
313 2707 362 2771 his
385 2707 469 2772 adde
489 2706 542 2791 30,
557 2707 588 2788 4,
606 2708 626 2770 3
642 2708 818 2771 ‘ruinarum
841 2706 937 2786 labe’,
959 2705 1010 2787 24,
1024 2705 1088 2786 8,4
1104 2706 1262 2769 ‘culminis
1282 2715 1396 2790 aperta
1411 2696 1505 2770 'fasti-

109 2812 170 2896 gia'
188 2812 243 2898 (01.
257 2811 356 2896 Verg.
370 2811 452 2876 Aen.
466 2811 495 2892 2,
507 2810 571 2876 458
588 2813 715 2875 ‘summi
731 2811 860 2894 fastigia
880 2810 1063 2893 culminis),
1085 2810 1137 2884 31,
1155 2810 1218 2888 6,3
1234 2810 1504 2874 ‘adsentationum

109 2914 366 2997 adulationibus',
386 2917 416 2992 2,
430 2917 460 2998 6,
476 2916 515 2979 16
532 2914 752 2980 ‘simultatium
769 2924 896 2979 veteres
916 2914 1077 2995 offensae',
1099 2914 1200 3000 praef.
1215 2915 1234 2976 6
1251 2914 1505 2979 ‘obtrectationis

109 3019 252 3100 invidia’,
275 3019 303 3102 7,
318 3019 347 3101 2,
361 3021 380 3082 6
398 3018 510 3103 ‘gloria
525 3019 661 3083 bellicae
681 3018 806 3102 laudis',
830 3019 880 3099 18,
892 3019 921 3100 7,
937 3019 976 3081 19
993 3017 1139 3083 ‘bellicae
1155 3019 1277 3102 gloriae
1293 3019 1429 3100 laudes’,
1450 3019 1503 3101 27,

112 3123 172 3207 1‚5
189 3127 309 3190 ‘casum
326 3133 393 3189 tam
413 3123 564 3206 indignae
579 3123 748 3202 fortunae’,
769 3122 821 3205 22,
834 3123 897 3205 4,3
915 3131 1026 3186 ‘status
1042 3123 1221 3207 praesentis
1237 3122 1394 3187 fortunae'
1412 3123 1504 3209 (vide

109 3229 346 3313 Wopkensium
363 3227 405 3290 ad
422 3226 452 3290 b.
465 3227 485 3290 l.
499 3226 587 3312 apud
603 3225 863 3310 Frotscherum),
889 3225 918 3307 7,
939 3226 966 3307 1,
986 3226 1025 3288 12
1046 3226 1208 3310 ‘gentibus
1224 3229 1386 3291 variorum
1405 3249 1504 3312 popu-

109 3332 221 3397 lorum’
239 3332 283 3419 (v.
297 3334 510 3416 interpretum
525 3340 616 3395 notas
632 3330 673 3394 ad
691 3331 720 3394 h.
734 3330 754 3393 l.
769 3339 800 3393 et
816 3330 857 3394 01.
871 3332 1066 3394 contrariam
1081 3332 1260 3394 iuncturam
1278 3330 1365 3416 apud
1381 3331 1503 3395 Victor.

109 3437 232 3502 Vitens.
253 3437 316 3520 1,1
338 3436 375 3499 P.
393 3435 541 3522 ‘populus
558 3435 768 3500 Vandaliciae
790 3434 931 3520 gentis’),
957 3436 1006 3517 13,
1028 3433 1095 3518 8‚6
1117 3434 1294 3520 ‘pervigilio
1314 3435 1426 3499 noctis'
1448 3437 1504 3521 (cf.
1592 3472 1593 3475 ¹

109 3541 207 3628 Apul.
220 3541 297 3606 Met.
314 3540 393 3624 11,1
414 3543 526 3604 ‘noctis
541 3538 722 3624 vigiliam'),
741 3539 789 3616 12,
806 3539 890 3621 l2,2
906 3539 1137 3603 ‘adfinitatibus
1155 3539 1385 3624 conubiorum',
1402 3540 1505 3621 9,1,8

112 3645 260 3710 ‘tirocinii
275 3645 479 3729 rudimenta',
500 3645 551 3727 31,
565 3645 595 3728 5,
609 3644 626 3706 7
646 3644 791 3709 ‘fontium
812 3642 1014 3729 primordiis',
1035 3643 1086 3727 22,
1102 3644 1128 3720 l,
1142 3643 1162 3706 2
1179 3644 1347 3728 ‘principia
1363 3637 1506 3727 originis'

111 3751 167 3836 (cf.
181 3749 278 3835 Apul.
293 3751 333 3814 de
350 3751 457 3834 dogm.
471 3750 551 3814 Plat.
566 3749 595 3835 2,
609 3749 650 3812 26
667 3749 809 3832 ‘originis
825 3749 893 3811 eius
908 3749 1067 3832 principia
1079 3757 1109 3810 et
1122 3746 1366 3830 fundamenta'),
1383 3747 1435 3828 20,
1445 3747 1505 3827 2,3

111 3855 279 3938 ‘principio
292 3853 470 3938 originum’.
492 3853 608 3938 quibus
620 3853 698 3917 10010
710 3854 867 3937 respectis
879 3850 1048 3937 probabile
1060 3850 1138 3935 1112,
1150 3853 1178 3934 1,
1190 3852 1230 3914 14
1243 3852 1390 3916 codicum
1406 3853 1504 3935 scrip·
1592 3846 1593 3851 ¹

109 3968 215 4022 turam
232 3959 407 4043 ‘utriusque
422 3957 594 4042 'primordii
611 3959 750 4044 Scythas
771 3959 893 4040 origine
915 3956 1087 4041 praestare'
1105 3955 1329 4040 temptandam
1344 3979 1408 4020 non
1424 3977 1503 4020 esse.

111 4062 244 4127 offendit
263 4070 371 4126 autem
387 4063 420 4124 ln
436 4085 474 4125 ea
490 4063 611 4147 primus
628 4063 735 4127 Faber
751 4061 807 4147 (01.
822 4060 1006 4124 Frotscheri
1024 4060 1098 4125 edit.
1114 4060 1146 4122 ll
1163 4082 1193 4145 p.
1211 4059 1286 4144 172)
1303 4083 1344 4124 ac
1362 4061 1503 4124 ‘ratione'

111 4165 318 4230 scribendum
346 4167 470 4230 censuit
496 4189 554 4251 pro
578 4166 731 4251 ‘origine'.
770 4176 802 4230 et
825 4186 1022 4250 quamquam
1048 4165 1113 4227 iam
1133 4163 1356 4249 Wopkensius
1383 4164 1505 4228 nullam

216 4429 237 4494 ¹)
251 4431 290 4480 cf.
300 4430 437 4494 iudicium,
451 4431 521 4496 quod
535 4429 566 4480 G.
577 4428 672 4479 Hartel
686 4428 719 4478 de
731 4428 782 4477 hoc
795 4427 863 4477 libro
876 4428 942 4476 fecit
954 4428 983 4475 in
993 4427 1134 4476 Leutschii
1146 4427 1199 4476 ind.
1210 4426 1273 4492 phil.
1284 4443 1308 4476 a.
1323 4428 1397 4487 1883,
1409 4443 1433 4491 p.
1447 4428 1504 4474 786.

215 4517 234 4582 ²)
247 4517 420 4568 Substantiva
432 4533 492 4567 cum
505 4518 632 4582 genetivo
646 4530 856 4582 synonymorum
874 4514 1000 4579 copulata
1012 4515 1092 4563 etiam
1106 4514 1177 4579 apud
1190 4520 1283 4579 poetas
1296 4513 1412 4562 Graecos
1424 4513 1505 4562 obvia

109 4610 180 4668 sunt,
193 4605 226 4656 01.
236 4605 299 4655 Hes.
311 4605 412 4670 Theog.
422 4607 472 4654 332
486 4600 558 4654 ‘sala
571 4601 619 4662 ἑῖς
632 4601 754 4671 ἐδάμασσε
767 4599 797 4668 βὶ
802 4619 834 4666 ης
848 4597 1027 4668 Ἡρακληεὶης’.
