3225 5092
145 249 185 313 88

145 461 222 503 sane
238 449 288 504 est
299 439 503 521 Draegerum
519 440 623 520 ipsum
641 433 693 498 vel
708 437 739 498 in
756 435 858 499 altera
870 439 919 498 sui
936 434 976 498 de
988 437 1119 520 syntaxi
1135 433 1209 498 libri
1221 435 1360 498 editione
1373 432 1413 518 (I,
1423 434 1540 518 6485,

145 567 169 608 s.
188 542 250 607 208
267 541 304 628 b)
325 542 462 605 eandem
482 540 634 625 amplecti
654 538 918 623 explicationem,
944 561 1017 603 cum
1040 539 1178 624 ellipsim
1201 538 1408 619 substantivi,
1431 562 1451 603 a
1473 560 1539 622 quo

143 647 313 731 genetivus
332 645 487 732 pendeat,
510 643 712 707 statuendam
733 665 804 706 esse
821 636 980 726 opinatur.
1016 652 1050 706 at
1071 644 1259 725 genetivum
1281 641 1323 706 ab
1346 642 1424 727 ipso'
1437 642 1540 706 verbo

145 749 393 815 ‘Andromache’
407 748 548 833 pendere
564 757 668 833 patet;
685 768 789 832 neque
802 768 841 809 ea
852 747 1011 810 locutione
1024 746 1143 811 diserte
1155 745 1408 810 Andromachen
1421 746 1539 809 Hecto·

143 856 187 920 ris
203 876 274 918 esse
295 876 451 918 uxorem
470 851 685 936 significatur,
706 850 740 914 id
756 850 844 936 quod
862 873 926 916 non
945 873 988 914 ex
1008 853 1149 933 genetivi
1170 859 1285 914 natura
1305 853 1539 934 cognoscimus,

145 959 202 1023 sed
223 981 264 1023 ex
280 958 425 1038 historia,
443 957 483 1020 cf.
499 955 661 1041 Rumpelii
675 954 793 1020 librum
810 954 850 1018 de
868 954 998 1019 casibus
1012 976 1044 1039 p.
1058 954 1121 1018 205
1137 976 1183 1039 sq.

335 1140 384 1193 De
399 1137 559 1206 genetivo
575 1137 771 1204 adpositivo
787 1137 1013 1204 cognatisque
1028 1135 1352 1192 constructionibus.

246 1269 419 1335 Notissima
439 1280 489 1334 est
509 1270 728 1334 Romanorum
747 1268 947 1333 consuetudo
967 1267 1219 1344 substantivum,
1242 1268 1328 1353 quod
1348 1267 1441 1333 alteri
1461 1278 1541 1332 tam-

143 1397 239 1459 quam
261 1373 419 1459 adpositio
440 1373 554 1438 eodem
574 1395 652 1438 casu
672 1373 881 1438 adiciendum
901 1383 980 1455 erat,
1000 1375 1034 1436 in
1054 1373 1206 1457 genetivo
1226 1373 1376 1457 ponendi.
1412 1394 1451 1438 ac
1466 1373 1540 1436 oub-

144 1480 330 1561 stantivum,
346 1478 433 1543 unde
449 1477 569 1563 pendet
581 1479 759 1562 genetivus,
775 1480 939 1542 notionem
953 1479 1094 1542 continet
1105 1476 1299 1562 generalem,
1316 1476 1490 1564 specialem
1508 1479 1542 1541 id

144 1583 228 1667 quod
245 1604 436 1667 expressum
452 1594 500 1646 est
515 1584 675 1665 genetivo.
703 1583 764 1647 hoc
779 1583 878 1665 igitur
893 1583 1054 1666 genetivo,
1071 1603 1169 1667 quem
1184 1581 1271 1647 haud
1286 1583 1403 1646 iniuria
1415 1581 1541 1667 adposi-

143 1689 245 1751 tivum
258 1687 309 1750 vel
323 1686 524 1750 definitivum
538 1686 712 1772 adpellant,
726 1695 886 1771 quatenus
898 1686 1042 1749 Iustinus
1054 1708 1130 1750 usus
1143 1687 1193 1769 sit,
1210 1689 1237 1750 si
1250 1690 1388 1772 quaeris,
1401 1688 1541 1772 primum

143 1791 404 1877 respondendum
428 1801 476 1854 est
496 1792 684 1874 genetivum
709 1789 836 1854 urbium
856 1788 1093 1875 fluviorumque
1112 1792 1279 1854 nominum
1300 1813 1317 1854 e
1337 1792 1466 1856 nomine
1486 1793 1541 1854 ad-

143 1894 295 1979 pellativo
309 1895 411 1982 (velut
426 1895 515 1979 urbs,
529 1896 694 1980 oppidum,
707 1894 843 1979 flumen)
856 1915 1049 1978 suspensum
1066 1895 1153 1979 apud
1169 1895 1256 1959 hunc
1272 1897 1462 1980 scriptorem
1477 1919 1542 1960 non

142 2001 289 2063 inveniri.
319 1999 376 2063 sed
393 2010 447 2062 aut
464 1999 621 2085 adpositio
638 2021 695 2084 pro
713 2020 749 2062 eo
766 2009 940 2084 usurpatur
954 2010 1011 2062 aut
1025 1999 1223 2063 adiectivum
1235 2021 1255 2062 a
1266 2001 1395 2062 nomine
1411 2003 1542 2085 proprio

39 2107 41 2118 ’
143 2104 324 2168 derivatum
341 2113 506 2188 tamquam
528 2103 728 2168 adtributum
748 2105 869 2167 nomini
889 2102 1086 2188 adpellativo
1106 2103 1245 2167 additur.
1277 2105 1321 2167 ita
1336 2104 1474 2187 legimus
1489 2103 1542 2188 43,

143 2209 173 2290 5,
187 2208 206 2270 8
223 2207 348 2272 ‘urbem
364 2206 510 2272 Romam’
525 2207 726 2293 l‘romanam'
739 2207 792 2293 T),
811 2210 925 2272 ceteris
938 2218 1045 2272 autem
1061 2208 1140 2272 locis
1152 2208 1270 2272 dicitur
1285 2208 1372 2272 ‘urbs
1384 2209 1541 2273 Romana'

143 2313 174 2390 6,
189 2313 218 2394 6,
231 2312 266 2393 5,
286 2311 337 2387 24,
354 2312 385 2395 4,
399 2312 433 2394 2,
453 2312 506 2393 43,
523 2315 549 2389 1,
566 2316 597 2392 1,
619 2312 670 2390 43,
685 2312 714 2397 3,
731 2313 762 2390 1,
783 2312 835 2391 44,
851 2314 878 2388 1,
892 2313 922 2394 4,
944 2334 1027 2397 quae
1046 2312 1165 2376 locutio
1186 2315 1282 2375 etiam
1301 2312 1390 2397 apud
1410 2313 1543 2377 Livium

145 2416 189 2502 (5,
208 2415 236 2494 l,
258 2415 311 2500 10)
336 2415 467 2481 Florum
492 2416 535 2501 (1,
559 2416 587 2501 8,
609 2415 665 2501 21)
691 2415 850 2480 Senecam
874 2416 930 2499 (ad
955 2416 1070 2500 Polyb.
1090 2416 1130 2480 de
1155 2439 1242 2481 cons.
1263 2416 1313 2500 14,
1334 2416 1369 2502 5)
1391 2417 1472 2481 alios
1494 2439 1541 2481 re-

144 2522 276 2604 peritur.
315 2543 378 2584 uno
401 2529 526 2585 tantum
549 2521 619 2584 loco
639 2519 781 2584 Iustinus
803 2544 823 2585 a
841 2520 982 2606 fluminis
1005 2523 1135 2586 nomine
1160 2521 1322 2584 derivavit
1344 2522 1543 2587 adiectivum

143 2623 252 2708 idque,
268 2635 303 2687 ut
317 2635 406 2688 recte
422 2625 544 2689 iudicat
560 2625 753 2702 Beneckius,
776 2647 813 2688 eo
831 2625 972 2702 consilio,
993 2638 1030 2690 ut
1045 2625 1165 2690 Graeci
1186 2626 1306 2689 oraculi
1323 2624 1424 2688 verba
1441 2627 1543 2711 (Ἀχε-

144 2734 246 2810 ρούσιον
261 2729 349 2813 ὕδωρ)
366 2751 462 2814 quam
479 2731 721 2794 accuratissime
736 2728 898 2810 redderet,
915 2729 988 2794 dico
1006 2730 1056 2815 12,
1069 2729 1100 2809 2,
1113 2730 1133 2793 3
1151 2742 1289 2794 ‘amnem
1303 2730 1541 2794 Acherusium',

145 2856 203 2926 pro
222 2831 284 2897 hac
304 2832 473 2919 locutione,
496 2855 578 2918 quae
598 2834 739 2898 maxime
760 2857 780 2898 a
799 2836 903 2919 poetis
924 2833 1117 2915 celebratur,
1139 2834 1180 2897 of.
1194 2834 1272 2898 Hor.
1286 2833 1389 2919 Epist.
1405 2836 1432 2917 1,
1449 2834 1498 2915 11,
1512 2835 1543 2914 4,

144 2937 243 3022 Verg.
262 2938 344 3002 Aen.
368 2940 417 3021 11,
434 2939 498 3003 449
523 2939 652 3004 ‘flumen
673 2939 883 3022 Tiberinum',
908 2939 978 3004 aliis
1000 2940 1079 3003 locis
1100 2940 1243 3004 Iustinus
1265 2961 1394 3025 semper
1417 2941 1543 3024 adposi-

145 3044 263 3108 tionem
284 3042 425 3126 adhibet,
447 3043 536 3107 velut
553 3043 603 3124 12,
617 3043 646 3124 2,
663 3044 703 3107 14
719 3043 850 3108 ‘flumen
866 3044 1075 3126 Acheronta,
1088 3045 1129 3109 cf.
1143 3044 1174 3126 2,
1186 3045 1217 3126 4,
1230 3045 1265 3124 2,
1285 3045 1313 3126 1,
1326 3045 1355 3126 8,
1369 3045 1403 3125 2,
1420 3044 1450 3125 2,
1464 3045 1494 3124 2,
1511 3045 1542 3124 1,

146 3146 196 3228 11,
215 3145 244 3226 8,
262 3147 296 3226 3,
316 3146 369 3228 42,
386 3147 416 3229 3,
434 3147 463 3210 9.
500 3169 597 3232 saepe
619 3148 857 3212 substantivum
878 3149 1015 3212 ‘nomen'
1037 3151 1069 3211 in
1094 3148 1376 3212 circumlocutione
1400 3149 1543 3232 quadam

145 3251 275 3334 ponitur
290 3253 344 3334 ita,
361 3261 396 3313 ut
411 3273 450 3313 ea
466 3251 660 3316 substantivi
676 3253 709 3314 in
725 3253 877 3334 genetivo
892 3252 1046 3327 adiuncti,
1064 3252 1150 3336 quod
1167 3261 1215 3315 est
1230 3274 1348 3316 nomen
1363 3255 1542 3337 proprium,

144 3357 230 3417 notio
247 3354 349 3438 magis
365 3355 564 3419 intendatur:
579 3355 609 3436 2,
622 3356 653 3436 4,
667 3356 708 3418 33
724 3360 810 3419 ‘cum
826 3358 913 3419 omni
924 3355 1127 3420 Amazonum
1142 3356 1291 3433 nomina',
1308 3356 1339 3434 5,
1352 3355 1417 3438 8,4
1434 3356 1541 3420 ‘Athe-

145 3460 305 3522 niensium
318 3459 453 3544 nomen’,
467 3459 497 3536 6,
508 3459 566 3541 9,6
580 3459 807 3524 ‘Macedonum
819 3459 958 3541 nomen’,
978 3460 1026 3542 13,
1036 3459 1066 3542 6,
1078 3460 1118 3523 12
1131 3459 1321 3524 ‘Alexandri
1334 3458 1543 3545 Philippique

144 3562 293 3643 nomina',
309 3562 361 3644 43,
374 3562 404 3643 5,
416 3562 438 3625 4
450 3563 576 3627 ‘nomen
589 3563 858 3627 Massiliensium'.
883 3565 986 3628 rarius
998 3563 1059 3628 hoc
1071 3564 1166 3629 modo
1178 3586 1295 3628 nomen
1308 3564 1542 3649 adpellativum

145 3664 336 3747 adnectitur,
357 3666 447 3730 velut
469 3665 519 3750 12,
535 3668 565 3751 4,
585 3667 599 3728 1
619 3670 663 3730 ‘ut
684 3669 781 3730 etiam
801 3671 926 3753 patriae
947 3690 1063 3731 nomen
1085 3669 1233 3732 eiuraret'
1251 3669 1387 3754 (‘patris'
1404 3669 1543 3732 coniecit

144 3770 366 3855 Bongarsius).
397 3772 540 3853 genetivi
556 3770 662 3835 locum
677 3792 919 3855 nonnumquam
936 3771 1059 3836 obtinet
1074 3773 1282 3853 adiectivum,
1299 3773 1398 3836 veluti
1414 3771 1466 3853 24,
1478 3772 1508 3855 4,
1522 3771 1540 3832 7

146 3871 211 3958 (25,
225 3874 254 3956 2,
270 3872 324 3960 10)
342 3875 455 3938 ‘terror
471 3873 588 3938 Gallici
604 3876 764 3940 nominis'.
1444 3862 1446 3865 V

180 4045 183 4052 ,
247 3976 422 4043 Praeterea
441 3977 527 4063 apud
543 3979 702 4043 Iustinum
723 3979 765 4043 ad
785 3978 886 4043 multa
906 3979 969 4044 alia
990 3981 1193 4045 substantiva
1213 3980 1341 4044 accedit
1360 3982 1541 4064 genetivus,

144 4084 228 4146 inter
244 4102 339 4168 quem
359 4093 391 4146 et
411 4082 659 4168 substantivum,
679 4084 766 4148 unde
786 4084 918 4168 pendet,
939 4085 1055 4148 eadem
1075 4084 1144 4148 fere
1164 4087 1245 4148 ratio
1264 4084 1437 4149 intercedit
1457 4105 1541 4167 quae

143 4188 228 4250 inter
244 4187 385 4271 speciem
406 4197 438 4250 et
457 4210 568 4272 genus.
602 4189 691 4252 cuius
711 4211 788 4252 usus
809 4189 892 4252 haec
914 4188 1061 4252 conferas
1082 4188 1246 4274 exempla:
1271 4188 1319 4270 15,
1337 4188 1405 4270 4,5
1426 4187 1542 4270 ‘figura

145 4290 326 4376 anchorae’,
350 4291 399 4376 18,
411 4292 442 4375 4,
458 4293 498 4356 12
514 4297 622 4358 ‘onera
637 4293 797 4376 harenae',
822 4293 871 4376 16,
884 4292 950 4376 5,4
965 4295 1095 4357 ‘virtute
1110 4295 1243 4377 ingenui
1258 4292 1411 4378 pudoris’,
1433 4290 1462 4376 8,
1476 4291 1505 4371 3,
1519 4292 1541 4353 2

146 4395 305 4480 sacrilegii
322 4395 493 4482 scelere’,¹)
513 4396 543 4480 2,
557 4396 586 4478 6,
602 4397 639 4458 11
663 4396 797 4480 ‘refugia
817 4397 994 4480 montium',
1016 4397 1067 4477 27,
1088 4399 1115 4478 1,
1133 4397 1152 4460 3
1174 4397 1335 4461 ‘infamiae
1356 4395 1541 4478 maculam',

252 4639 271 4701 ¹)
289 4639 358 4687 Raro
375 4641 403 4686 in
421 4641 542 4704 genetivi
558 4639 647 4689 locum
666 4640 837 4689 substituitur
853 4640 1016 4690 adiectivum
1034 4640 1110 4690 velut
1123 4643 1164 4703 27,
1176 4645 1199 4702 1,
1211 4644 1243 4690 10
1256 4641 1422 4706 ‘parricidale
1434 4640 1539 4691 scelus'.
