3225 5092
14 181 24 280 ',
140 237 201 308 110

136 435 270 520 imperio
279 429 531 496 etimmoderata
538 429 669 496 licentia
678 431 827 513 militari’,
840 431 927 516 quod
935 431 1063 496 Vorstio
1078 432 1134 516 (cf.
1144 432 1327 497 Frotscber.
1336 434 1396 516 Ill,
1409 457 1441 520 0.
1451 435 1532 521 291)

19 551 28 622 τζ
135 558 338 623 nequaquam
354 537 521 601 offensioni
537 558 607 600 esse
624 535 776 622 debuitl)
804 557 878 599 cum
893 537 991 619 igitur
1007 538 1040 600 in
1055 535 1105 599 bis
1122 535 1345 624 similibusque
1361 541 1532 604 structuris

134 641 276 706 Iustinus
293 664 367 706 cum
383 641 627 726 elegantissimis
643 640 854 726 scriptoribus
869 637 965 725 plane
982 651 1147 725 congruat,
1163 641 1227 705 alia
1242 652 1291 706 est
1305 663 1357 707 res
1373 645 1405 707 in
1419 642 1533 708 verbis

12 785 18 816 1
135 743 742 831 (00001010’01(00000011(1001111101
761 745 863 819 seial’.
883 767 1035 831 ,quorum
1053 747 1152 831 prius,
1173 748 1199 810 si
1218 727 1305 811 idem
1325 747 1421 833 valet,
1442 748 1534 833 quod

12 881 14 906 ι
134 858 279 916 nostrum
295 849 369 936 ‘auf
383 860 473 914 etwas
488 848 642 932 berabeo’,
662 849 804 914 Iustinus
825 858 937 913 000110
952 848 1118 914 Ciceronis
1134 859 1166 913 et
1181 848 1329 915 Caesaris
1349 874 1452 934 usum,
1473 855 1533 938 qui

12 937 16 992 Τ
135 959 293 1020 (00001010
308 956 342 1018 iu
362 954 470 1055 aliqua
489 955 534 1018 re'
552 952 674 1038 dicunt,
695 976 769 1019 cum
790 952 856 1018 0010
876 954 1019 1018 05101110
1040 956 1218 1039 coniungit:
1241 955 1533 1041 12,13,5(0110110

135 1059 301 1125 constent’.
339 1060 531 1124 nonminus
553 1082 573 1123 a
596 1057 750 1123 Caesaris.
769 1057 1000 1144 Ciceronisque
1024 1082 1085 1124 usu
1107 1059 1261 1124 abhorret
1282 1060 1413 1124 alterius
1435 1061 1533 1126 verbi

11 1159 13 1246 ἶ
134 1173 309 1230 structura:
330 1163 360 1246 3,
373 1164 403 1246 6,
419 1164 440 1228 5
457 1166 541 1228 ‘cum
562 1163 796 1228 Messeniorum
817 1162 900 1227 bello
921 1166 1070 1248 occupati
1090 1163 1218 1246 essent’,
1239 1164 1269 1246 6,
1283 1164 1346 1247 6,3
1363 1168 1533 1252 (00000010

11 1315 14 1346 ;
135 1269 195 1334 sibi
215 1269 379 1354 Aegyptio
402 1267 508 1350 bello’,
531 1268 582 1353 31,
600 1268 666 1352 6,6
687 1265 821 1352 ‘praeda
843 1268 997 1332 Romanis
1021 1268 1207 1353 occupatis'.
1249 1270 1412 1333 invenitur
1433 1293 1474 1334 ea
1495 1272 1533 1334 in

11 1361 14 1376 ι
134 1373 222 1436 Livii
241 1375 440 1460 potissimum
462 1382 494 1436 et
509 1373 596 1437 Flori
616 1372 720 1453 libris3
742 1372 783 1436 cf.
800 1372 958 1437 Fabrium
978 1372 1020 1437 ad
1035 1373 1108 1437 Liv.
1121 1373 1173 1458 21,
1185 1372 1237 1454 45,
1250 1373 1280 1436 2.
1313 1371 1381 1456 sed,
1402 1375 1428 1437 si
1447 1397 1532 1455 rem,

11 1487 14 1546 l<
134 1500 198 1564 qua
214 1481 284 1562 quis
299 1487 476 1563 occupatus
492 1487 550 1559 est,
567 1499 632 1542 nou
646 1499 705 1562 pro
720 1478 933 1541 instrumento
945 1475 1069 1573 baberi,
1085 1475 1142 1541 sed
1154 1477 1261 1542 lecum
1273 1477 1436 1562 designari
1447 1478 1531 1556 vult,

133 1584 165 1645 in
182 1604 245 1668 quo
261 1582 477 1647 versatur-illa
494 1583 672 1668 occupatio,
693 1582 836 1646 Iustinus
852 1580 994 1646 ablativo
1016 1582 1107 1645 addit
1121 1584 1393 1668 praepositionem
1408 1583 1476 1647 ‘in’z
1499 1584 1532 1665 1,

135 1687 403 1774 7‚11‘0ccupat0
423 1689 456 1750 in
476 1687 546 1752 aliis
565 1686 681 1768 bellis’,
705 1687 754 1769 11,
767 1686 830 1768 2,1
848 1688 890 1750 ‘in
912 1689 1001 1751 cuius
1021 1695 1180 1772 apparatu
1200 1687 1379 1772 occupato',
1400 1686 1451 1772 26,
1465 1687 1533 1770 2,9

10 1803 13 1870 ξ·
133 1793 175 1854 ‘in
191 1813 254 1876 quo
272 1791 384 1878 (bello)
402 1814 475 1855 cum
492 1800 669 1878 occupatus
685 1801 770 1854 esset
784 1841 790 1854 .
805 1841 812 1853 .
827 1791 855 1871 .’,
877 1790 929 1867 43,
942 1791 972 1872 3,
985 1789 1005 1852 9
1022 1791 1208 1876 ‘occupatus
1222 1793 1255 1854 in
1269 1800 1430 1876 apparatu
1448 1813 1533 1876 nup-

10 1891 27 1928 *
133 1896 268 1962 tiarum’.
299 1904 396 1982 atque
412 1897 524 1961 eodem
540 1894 634 1961 modo
650 1897 734 1959 inter
750 1917 783 1958 se
798 1895 952 1959 differunt
967 1893 1127 1959 ablativus
1141 1892 1259 1975 nudus,
1276 1897 1367 1959 cuius
1383 1895 1533 1959 crebrior

9 2007 13 2076 ξ
133 2008 182 2064 001
196 2023 283 2082 usus,
300 2010 422 2064 etcum
438 1999 730 2086 praepositionibus
747 2002 937 2064 coniunctus
951 2009 1025 2084 post
1038 1999 1149 2076 verba,
1171 2020 1254 2084 quae
1270 1997 1464 2082 occultandi,
1481 2023 1533 2064 re-

9 2101 14 2172 ἷ
36 2095 38 2102 1
133 2104 285 2168 cludendi
305 2105 483 2169 similemve
503 2103 625 2169 habent
644 2105 823 2184 notionem,
844 2103 944 2168 veluti
967 2105 994 2186 l,
1011 2104 1041 2187 2,
1057 2104 1077 2167 3
1097 2111 1149 2167 ‘ne
1168 2126 1252 2168 novo
1273 2103 1386 2169 babitu
1405 2103 1533 2189 aliquid

132 2209 294 2274 occultare
316 2209 505 2290 videretur’3
529 2207 671 2273 ablativo
690 2211 784 2273 ‘novo
804 2207 927 2273 babitu’
948 2208 998 2271 vis
1021 2209 1105 2271 inest
1123 2208 1389 2272 instrumentalis:
1414 2217 1533 2273 contra

9 2319 11 2366 l
131 2313 183 2396 25,
200 2312 266 2398 2,3
288 2313 329 2377 ‘in
353 2314 501 2399 proxima
524 2312 605 2377 silva
628 2315 717 2377 taciti
741 2335 775 2376 se
799 2311 1116 2377 00001101001’10000
1140 2314 1376 2398 praepositione
1396 2312 1449 2375 ‘in’
1474 2335 1531 2376 ex-

8 2495 11 2524 ,
130 2419 288 2504 primitur.
324 2417 363 2497 ad
385 2417 491 2482 locum
513 2417 762 2502 significandum
785 2416 813 2501 1,
829 2416 860 2498 9,
879 2415 918 2479 19
936 2414 1105 2480 (000011010
1126 2415 1186 2481 sub
1207 2425 1296 2480 veste
1316 2416 1412 2481 ferro'
1429 2417 1532 2482 etiam

8 2531 11 2602 ζ
131 2523 326 2608 praepositio
347 2522 428 2586 ‘sub'
449 2521 631 2587 adhibetur.
667 2543 742 2586 cum
764 2522 1003 2608 praepositione
1023 2542 1117 2607 porro
1138 2530 1358 2586 constructum
1378 2519 1531 2586 videmus

8 2651 11 2694 ;
131 2625 268 2693 verbum
289 2626 477 2691 ‘recludere'
498 2625 631 2709 26,1,1
654 2627 697 2690 ‘in
720 2647 885 2691 carcerem
908 2625 1139 2690 recluduntur'.
1176 2625 1284 2690 nudus
1308 2626 1470 2691 ablativus
1494 2629 1531 2690 vi
1605 2694 1606 2711 ,

8 2739 10 2804 ἓ
74 2781 75 2784 ¹
129 2730 364 2796 instrumentali
379 2729 543 2817 praeditus
555 2730 714 2796 nonnullis
726 2729 796 2794 aliis
809 2728 918 2794 verbis
931 2728 995 2794 buc
1016 2729 1239 2816 spectantibus
1256 2730 1405 2812 adicitur,
1426 2728 1531 2794 veluti
1605 2722 1606 2773 l

129 2835 366 2911 abscondere
386 2834 685 2917 31,2,4(110110501
706 2835 750 2900 ibi
771 2858 889 2900 navem
910 2857 983 2900 cum
1003 2835 1180 2919 remigibus
1196 2836 1321 2900 occulto
1337 2838 1409 2900 sinu
1423 2835 1527 2900 litoris

129 2938 375 3022 absconditam,
398 2937 484 3026 quod
500 2939 636 3005 verbum
651 2943 696 3004 ita
712 2949 933 3004 constructum
949 2939 1037 3025 apud
1052 2950 1164 3025 poetas
1181 2939 1237 3026 (01.
1247 2939 1345 3023 Verg.
1360 2937 1480 3024 Georg.
1495 2941 1526 3023 3,

128 3041 192 3107 558
213 3042 327 3108 ‘foveis
346 3043 572 3129 abscondere’)
593 3053 624 3107 01
643 3046 836 3129 posteriores
858 3042 978 3128 legitur
1000 3046 1188 3129 scriptores,
1212 3044 1371 3130 sepeliri
1393 3046 1526 3109 notione

1606 2398 1608 2521 l

129 3146 284 3212 translata
298 3148 351 3229 43,
363 3148 394 3230 4,
408 3149 426 3211 7
440 3147 563 3213 ‘urbem
581 3170 690 3212 somno
706 3171 745 3212 00
761 3149 836 3213 vino
853 3148 1032 3234 sepultam',
1049 3169 1146 3233 quam
1161 3148 1356 3213 locutionem
1371 3171 1414 3212 ex
1422 3147 1525 3233 Verg.
1604 3228 1605 3235 ¹

129 3252 211 3316 Aen.
225 3252 256 3334 2,
273 3251 336 3317 265
358 3260 482 3316 constat
501 3254 635 3338 petitam
656 3273 726 3316 esse
747 3253 988 3339 (0180000010
1008 3275 1039 3338 p.
1052 3253 1141 3339 476),
1164 3252 1364 3318 involvere
1389 3254 1438 3336 15,
1454 3255 1487 3340 3,
1505 3255 1525 3318 8

129 3362 270 3421 ‘manum
285 3356 423 3422 amiculo
438 3356 637 3436 involutam’,
656 3355 705 3439 18,
717 3357 748 3442 4,
765 3356 804 3420 12
821 3356 1003 3422 (1010100110
1019 3357 1182 3421 involuta’.

232 3461 416 3526 Identidem
442 3461 606 3536 ablativus,
627 3463 830 3526 instrumenti
856 3461 966 3525 verbis
992 3461 1216 3548 proficiscendi
1243 3461 1442 3546 adiungitur:
1473 3464 1525 3546 11,

129 3565 217 3651 7,13
241 3566 314 3653 ‘quo
335 3565 505 3653 (plaustro)
523 3566 652 3632 vehenti
676 3588 814 3650 regnum
837 3566 980 3630 delatum
1003 3566 1129 3648 100101,
1154 3567 1206 3650 41,
1223 3566 1292 3647 3,4
1314 3568 1415 3652 ‘equis
1435 3571 1525 3632 omni
1603 3582 1604 3587 ’

128 3679 272 3757 tempore
287 3671 477 3736 vectantur’.
509 3693 667 3759 perquam
681 3673 754 3736 miri
770 3672 833 3736 duo
849 3680 925 3735 sunt
938 3670 1009 3756 loci,
1027 3673 1147 3757 quippe
1163 3670 1281 3757 quibus
1297 3671 1398 3736 verba
1411 3673 1477 3736 ‘ire’
1491 3682 1526 3737 et
1603 3670 1604 3683 ²

128 3773 299 3839 ‘incedere'
317 3797 390 3838 cum
410 3774 560 3840 ablativis
576 3776 738 3861 ‘plaustro'
761 3785 793 3839 01
813 3775 923 3861 ‘equis’
945 3777 1196 3858 coniunguntur:
1219 3775 1363 3860 11,1,11
1381 3778 1524 3840 ‘euntem

127 3879 270 3964 plaustro
290 3881 527 3966 repperissent',
550 3881 602 3959 41,
620 3883 649 3967 3,
666 3881 687 3944 4
708 3880 813 3945 ‘liberi
832 3901 895 3944 non
914 3880 977 3943 nisi
997 3881 1088 3964 equis
1109 3880 1284 3965 incedunt',
1309 3902 1384 3944 cum
1404 3880 1522 3966 quibus

127 3982 204 4048 loeis
221 3983 367 4049 conferas
383 3985 511 4069 similes,
529 4007 609 4072 quos
624 3985 740 4050 adtulit
755 3984 951 4049 Beneckius.

230 4088 291 4152 His
311 4089 458 4154 omnibus
473 4089 551 4156 locis
572 4112 624 4154 100
644 4089 753 4175 aliqua
773 4098 823 4152 cst
841 4090 1182 4174 instrumentumque
1202 4090 1286 4153 00110
1307 4088 1456 4153 efficitur.
1487 4098 1524 4154 at

126 4213 191 4256 non
214 4193 316 4258 solum
335 4215 397 4275 res,
418 4194 475 4258 sed
496 4197 593 4259 etiam
607 4214 764 4280 personae
780 4215 839 4279 pro
860 4193 1081 4258 instrumentis
1102 4193 1206 4278 accipi
1221 4192 1356 4277 ideoque
1377 4193 1523 4258 ablativo

127 4298 265 4383 exprimi
279 4307 415 4384 possunt
429 4300 666 4384 praepositione
681 4319 746 4362 non
761 4298 898 4363 adiecta.
929 4297 1072 4365 Iustinus
1091 4306 1199 4362 autem
1214 4296 1276 4361 bac
1295 4296 1435 4381 licentia,
1455 4319 1522 4383 qua
1602 4290 1603 4293 ¹

231 4627 250 4698 ¹)
263 4629 304 4680 De
317 4629 397 4680 huius
410 4631 483 4680 verbi
496 4647 556 4682 cum
569 4631 658 4682 dativo
672 4636 805 4681 structura
817 4631 879 4681 vide
891 4647 915 4697 p.
928 4633 984 4681 114.
