3225 5092
66 170 126 233 168

65 362 169 443 datm,
186 383 322 447 quorum
336 363 482 448 utrisque
498 384 517 426 a
533 362 594 426 diis
610 373 697 428 certe
708 363 887 428 facinorum
902 366 1032 429 veniam
1048 364 1127 428 dari.
1151 384 1265 427 verum
1280 362 1368 446 talia,
1384 364 1460 447 quia

63 467 195 531 minoris
214 466 256 531 ad
276 475 418 532 nostram
434 465 684 552 disputationem
706 471 859 533 momenti
875 479 963 550 sunt,
980 469 1152 552 neglegere
1167 468 1258 548 licet,
1281 476 1393 531 eontra
1408 488 1459 530 66-

64 579 177 636 666616
189 592 242 636 666
254 569 341 635 16666
354 571 586 656 examinemus,
599 571 716 656 quibus
728 573 774 635 καὶ
786 577 839 653 γάρ
851 573 960 636 atenim
972 571 1154 656 significare
1168 571 1271 637 Saeve
1285 571 1459 636 contendit.

66 697 109 738 ex
124 675 171 738 eis
182 675 280 758 igitur
290 674 379 757 loeis,
394 697 472 760 quos
486 675 545 740 sub
557 675 666 740 littera
678 678 713 761 a)
728 685 896 761 congestos
909 678 1084 761 proposuit,
1098 697 1172 740 oum
1184 679 1228 740 eis
1239 675 1327 758 locis,
1345 676 1461 760 quibus

65 786 138 864 post
152 779 199 840 καὶ
214 783 267 862 γάρ
284 779 384 843 611666
400 783 581 844 6661666116
598 780 782 867 copulativa
797 781 903 866 posita
918 783 1091 862 invenitur,
1108 780 1277 845 adserendi
1293 790 1385 845 erant
1400 781 1461 844 sub

65 882 124 948 litt.
134 883 163 968 c)
174 883 221 947 hi:
237 883 254 947 I
268 884 338 966 136,
355 884 505 968 4(καὶγὰφ
515 886 612 946 -661
625 886 709 969 ἅμα),
726 885 777 948 III
788 885 859 969 112,
875 885 906 966 4,
922 884 990 948 IIII
1002 884 1054 969 85,
1071 886 1100 968 6,
1118 907 1212 970 quem
1225 884 1333 950 locum
1343 895 1462 949 utrum·

68 1009 130 1073 que
153 988 251 1051 etiam
279 990 348 1073 ipse
370 986 476 1052 Saeve
506 988 565 1053 sub
586 994 616 1070 e)
641 992 756 1054 iterum
784 989 931 1076 protulit3
959 992 1076 1054 ceteris
1103 990 1182 1054 locis
1208 991 1387 1075 particulae
1417 993 1464 1051 καί

67 1094 117 1156 vis
137 1091 335 1156 adverbialis
358 1092 478 1158 subest.
488 1091 511 1179 ¹)
539 1093 688 1158 omnibus
704 1115 781 1178 ergo
797 1093 876 1158 locis
894 1096 1086 1158 examinatis
1106 1104 1269 1179 procerte
1289 1094 1463 1159 adfirmare

66 1195 143 1260 lieet
158 1217 335 1282 numquam
346 1196 577 1283 Thucydidem
592 1198 726 1263 voculas
740 1198 787 1260 καὶ
802 1203 857 1281 γάρ
870 1200 1066 1280 6661666166,
1082 1200 1176 1284 quasi
1191 1208 1299 1262 essent
1313 1221 1378 1262 una
1393 1220 1463 1284 par-

68 1300 169 1364 ticula
184 1300 334 1384 causalis,
350 1301 499 1385 neglecta
514 1305 547 1366 vi
562 1301 741 1389 particulae
755 1306 803 1366 aad
817 1305 1036 1389 usurpavisse,
1053 1303 1139 1389 quod
1154 1306 1220 1368 iam
1234 1301 1369 1368 Classen
1385 1303 1465 1366 divi-

68 1425 163 1467 nasse
184 1404 326 1487 videtur,
352 1429 383 1470 v.
401 1405 475 1470 adn.
494 1409 561 1472 erit.
580 1407 621 1471 ad
637 1406 688 1470 HI
704 1407 754 1471 54.
786 1430 891 1492 neque
907 1408 989 1472 haec
1013 1409 1171 1473 sententia
1193 1409 1289 1472 inrita
1309 1407 1361 1492 fit,
1382 1410 1409 1471 si
1431 1410 1464 1471 in

7 1535 8 1538 ¹
69 1507 192 1574 voculis
207 1511 253 1572 καὶ
268 1507 322 1593 γὰρ
337 1513 385 1572 καί
401 1509 520 1596 (Saeve
536 1515 555 1592 ξ
574 1513 601 1593 1,
618 1511 654 1594 61)
670 1532 744 1575 eum
759 1534 824 1577 non
840 1513 978 1577 eandem
993 1514 1152 1576 rationem
1168 1522 1318 1576 secutum
1333 1533 1405 1576 esse
1419 1513 1464 1575 in-

41 1625 42 1630 ’
69 1614 246 1679 veniemus.
260 1616 292 1678 in
302 1637 365 1700 qua
375 1616 1061 1703 conformationequamquamnonnusquam
1069 1625 1241 1701 utrumque
1249 1618 1467 1701 aclpropriam

158 1900 159 1904 ,
176 1860 196 1927 1)
216 1862 291 1922 Quae
308 1861 383 1912 nullo
400 1877 486 1928 paone
503 1867 612 1930 negotio
629 1865 670 1914 his
688 1863 754 1914 locis
766 1864 946 1930 intellegitur:
965 1865 1060 1926 115,2
1075 1864 1134 1929 (ubi
1146 1861 1186 1911 aul
1198 1863 1367 1914 referendum
1381 1862 1467 1912 estad

15 2001 16 2004 η
71 1945 188 2013 ἐλάβομεν
201 1945 228 1996 οὐ
247 1945 412 2013 βιασάμενοι),
425 1951 441 1998 4
458 1949 541 2014 (66616
554 1949 676 2001 Classen:
690 1950 758 2000 derra
775 1958 843 2002 66661
858 1950 965 2001 wiirdcn
978 1953 1077 2017 66666),
1090 1953 1123 2000 92
1136 1954 1212 2014 (meat
1224 1955 1291 2000 iram
1302 1965 1468 2014 conpressa

70 2036 189 2096 16166661,
202 2039 238 2084 116
250 2039 324 2085 etiam
336 2039 436 2086 manino
448 2053 474 2087 se
485 2036 648 2086 Athenienses
657 2037 780 2102 impedire
791 2040 899 2089 66161666
910 2038 1153 2101 dissimulaverant),
1166 2039 1227 2102 114,
1237 2041 1266 2100 2;
1279 2040 1321 2100 61,
1336 2041 1358 2099 1,
1370 2037 1413 2086 ΠΙ
1424 2038 1467 2099 64,

71 2125 88 2172 4
101 2122 165 2188 (quo
177 2121 375 2188 1666666666]
386 2123 561 2175 Classenoita
574 2126 745 2190 interpretari
757 2125 839 2175 velim
852 2123 901 2188 acl,
914 2132 945 2175 ut
957 2128 982 2175 ei
994 2123 1032 2189 τὲ,
1046 2126 1118 2191 quod
1130 2131 1190 2191 6661
1203 2123 1222 2174 εἰ
1235 2125 1347 2191 legitur,
1360 2139 1468 2189 respon·

71 2208 144 2272 dest,
158 2210 204 2259 sed
216 2210 385 2260 referendum
401 2225 458 2262 esse
471 2226 567 2263 censeo
580 2212 615 2262 ad
627 2213 799 2278 participium
812 2207 877 2270 ὅντες
890 2215 942 2276 116,
954 2218 986 2263 61
997 2215 1052 2263 vim
1065 2215 1124 2264 eius
1137 2214 1320 2263 concessivam
1332 2211 1468 2278 urgueat),

11 2281 19 2370 ’Ἴ
73 2297 133 2358 108,
147 2298 162 2344 2
177 2295 260 2362 (quod
273 2297 425 2363 exemplum
442 2299 495 2348 iam
509 2314 589 2365 supra
600 2299 780 2366 protulimus),
794 2300 832 2349 VI
848 2302 905 2362 102,
918 2303 947 2362 3;
967 2302 1023 2363 103,
1037 2302 1061 2362 3,
1074 2300 1126 2350 VH
1140 2302 1180 2362 11,
1193 2303 1222 2363 3,
1234 2301 1277 2362 42,
1290 2302 1306 2348 4
1319 2295 1389 2364 (οὐδέ
1399 2298 1468 2348 eiciat

11 2403 12 2406 ¹
25 2441 26 2446 ,
71 2384 165 2434 domat
175 2400 236 2434 cum
250 2380 375 2452 ὑπομεῖναι
387 2388 514 2436 66611666
528 2389 651 2454 sequenti
664 2386 881 2453 coniungendam
895 2387 957 2453 est),
970 2390 985 2437 6
999 2387 1064 2452 (Cla
1077 2389 1120 2450 43,
1135 2387 1167 2453 1),
1180 2389 1222 2450 48,
1235 2390 1259 2451 3,
1271 2387 1338 2436 VIII
1350 2388 1375 2448 8,
1387 2387 1404 2435 4
1417 2383 1470 2449 (καί

4 2479 7 2500 ³
47 2483 48 2486 ’
71 2470 105 2521 ad
118 2467 143 2520 ἐκ
155 2471 198 2522 τοῦ
207 2472 343 2540 προφανοῦς
353 2472 477 2539 6666161),
490 2476 531 2538 65,
545 2477 560 2524 2
574 2473 756 2540 (referendum
769 2479 810 2524 661
822 2472 863 2522 καί
875 2474 910 2524 ad
922 2489 962 2537 66,
976 2489 1045 2540 quae
1054 2476 1183 2524 continuo
1196 2473 1343 2538 secuntur).
1368 2472 1416 2522 sed
1426 2472 1469 2521 his

71 2558 137 2608 locis
149 2561 226 2624 ratio,
239 2574 309 2624 quae
322 2561 392 2610 inter
405 2559 445 2610 acl
458 2561 550 2611 611661
563 2563 725 2612 sententiam
738 2561 893 2624 intercedit,
907 2561 989 2627 paulo
1003 2562 1139 2612 obscurior
1152 2568 1204 2623 est,
1222 2576 1290 2626 quae
1303 2575 1344 2610 res
1356 2562 1385 2610 in
1398 2560 1469 2609 Thu·

73 2645 169 2710 eydide
182 2661 247 2696 sane
260 2662 314 2695 non
327 2647 395 2697 mira
411 2647 558 2698 videbitur:
576 2650 590 2699 I
603 2650 648 2712 73,
662 2651 677 2698 2
691 2653 779 2699 666166
792 2663 834 2698 666
846 2648 918 2698 bello
930 2649 1038 2698 Persico
1055 2654 1143 2714 gestas
1161 2649 1211 2698 sibi
1224 2646 1470 2698 commemorandas

43 2801 44 2804 Ἴ
73 2746 132 2783 6666
149 2733 222 2796 dicit,
238 2735 302 2799 quia
318 2734 422 2784 scilicet
434 2734 642 2786 Atheniensibus
659 2736 687 2786 id
704 2752 776 2785 6666
792 2735 860 2786 61116
876 2736 996 2785 futurum
1014 2750 1071 2785 esse
1088 2741 1183 2800 sperat.
1209 2750 1289 2800 quam
1308 2737 1469 2784 seutentiam

72 2835 126 2870 non
137 2835 260 2886 expresse
269 2821 351 2884 addit,
363 2823 409 2872 sed
419 2837 450 2872 oo
461 2822 632 2887 demonstrat,
642 2823 714 2889 quod
724 2825 805 2874 etiam
816 2828 882 2884 tum,
892 2838 953 2872 cum
962 2837 1005 2872 666
1014 2822 1076 2871 illas
1085 2822 1253 2888 perfecerint,
1266 2837 1299 2872 66
1307 2836 1337 2871 66
1346 2821 1420 2871 salus
1431 2820 1469 2870 61-

72 2907 129 2958 1616
145 2909 180 2958 611
196 2911 338 2959 universae
355 2909 492 2960 Graeciae.
517 2911 568 2960 hoc
587 2911 678 2978 modo,
691 2913 713 2960 si
731 2911 891 2960 contrariam
908 2909 983 2959 illam
1000 2911 1161 2959 sententiam
1179 2925 1240 2959 eum
1257 2911 1406 2975 respexisse
1423 2925 1470 2974 po-

73 2997 169 3058 nimus,
182 2996 209 3045 id
222 3012 329 3062 quoque
343 2999 442 3062 optime
455 2997 612 3062 explicatur,
626 2999 697 3063 quod
709 2998 797 3047 verbis
810 3014 827 3048 a
837 3013 867 3047 re
876 2999 935 3062 ipsa
944 2996 1142 3061 aliquantulum
1153 2995 1248 3046 alienis
1262 2991 1312 3061 (ὅτε
1323 2993 1430 3063 ἐδρῶμεν
1444 3001 1471 3046 61

73 3079 110 3130 ἐπ’
121 3078 225 3148 ὠφελ1ᾳ)
238 3099 301 3133 6666
319 3089 418 3149 661666
431 3084 547 3150 simplici
559 3082 612 3134 τότε
625 3084 785 3150 6161661666
801 3084 939 3135 166611666
952 3081 989 3132 ἐπὶ
1002 3082 1112 3150 σωτηρίᾳ
1123 3085 1164 3145 τῆς
1177 3081 1305 3142 Ἑλλάδος.
1326 3086 1388 3145 141,
1401 3085 1416 3133 6
1430 3080 1470 3131 καί

27 3161 29 3166 ’
72 3169 139 3217 mihi
152 3185 214 3232 non,
227 3175 258 3219 ut
266 3172 376 3221 Kratzio
387 3171 567 3236 explicatione
578 3186 668 3222 carere
678 3171 794 3235 videtur,
809 3173 908 3221 etenim
918 3170 1108 3236 Peloponnesii
1117 3172 1257 3220 inferiores
1266 3178 1329 3220 sunt
1339 3185 1388 3220 666
1399 3172 1470 3236 quic-

75 3271 155 3320 quam
168 3258 202 3305 ad
215 3257 295 3307 finem
310 3259 458 3323 perducere
471 3264 590 3324 possunt,
604 3274 664 3308 cum
678 3275 732 3308 non
745 3260 825 3308 unius
836 3260 949 3323 imperio
962 3264 1148 3320 coerceantur,
1160 3259 1209 3308 sed
1220 3274 1312 3308 omnes
1324 3258 1413 3319 simul,
1426 3259 1472 3323 qui

75 3358 109 3394 ne
131 3345 219 3408 gentis
245 3345 352 3410 quidem
374 3347 453 3395 unius
476 3350 550 3408 6661,
568 3345 739 3395 dominentur
761 3351 788 3395 61
808 3361 865 3396 rem
877 3350 980 3411 gerant.
1010 3344 1125 3395 alterum
1146 3344 1252 3395 accedit
1273 3351 1471 3410 argumentum,

76 3431 147 3495 quod
159 3431 228 3480 alius
241 3431 315 3481 aliud
328 3437 431 3498 spectat
444 3438 471 3483 et
485 3434 654 3498 persequitur
668 3432 746 3496 (deca
758 3432 865 3494 audem).
890 3433 944 3483 IHI
958 3434 1015 3499 126,
1027 3434 1044 3481 4
1057 3448 1111 3482 666
1123 3432 1259 3482 adsentior
1273 3431 1413 3492 01666666,
1427 3432 1473 3495 qui

76 3534 137 3567 cum
151 3519 314 3568 Torstrickio
335 3517 514 3586 τολμηρότερον
532 3519 752 3586 reprehendentis
770 3535 829 3569 esse
845 3519 1001 3582 arbitratum
1019 3534 1069 3584 ego
1083 3521 1154 3568 enim
1166 3525 1196 3567 ut
1209 3521 1308 3581 nescio,
1321 3535 1385 3568 num
1398 3518 1473 3569 ducis

76 3606 167 3670 copias
180 3605 296 3654 breviter
309 3605 473 3656 cohortantis
483 3608 518 3656 611
526 3621 673 3657 memorare
686 3607 825 3657 audaciam
839 3621 1040 3671 nonnumquam
1053 3621 1110 3655 esse
1122 3607 1309 3670 perniciosam,
1321 3606 1360 3654 ita
1373 3604 1474 3668 dubito,

41 3679 54 3730 s
74 3697 164 3742 utrum
182 3693 293 3742 meliore
311 3709 369 3742 cum
388 3699 487 3742 eventu
506 3700 653 3759 pugnetur,
670 3696 691 3743 si
708 3695 807 3744 milites
825 3693 914 3743 edocti
933 3691 1473 3755 (16616161616611666166666611661666

75 3781 133 3828 siue
147 3779 226 3829 dubio
240 3779 321 3828 verbo
335 3776 423 3846 ἀγαθόν
436 3780 614 3846 significatur)
629 3783 734 3830 cautius
744 3795 799 3830 rem
813 3787 919 3845 gerunt,
932 3795 975 3841 an,
985 3781 1008 3829 si
1020 3781 1078 3829 eius
1090 3782 1129 3828 rei
1141 3781 1229 3844 ignari
1241 3779 1356 3844 quadam
1369 3780 1473 3829 temeri-

74 3872 131 3916 tate
143 3868 253 3931 acrique
265 3869 367 3932 impetu
380 3869 409 3916 in
421 3867 511 3917 hostes
523 3868 693 3918 invehuntur.
718 3869 759 3917 his
772 3867 887 3933 aliisque
900 3867 933 3917 de
946 3869 1041 3926 causis,
1054 3882 1120 3932 quas
1132 3881 1289 3916 enumerare
1301 3865 1412 3932 longum
1426 3872 1473 3928 est,

75 3954 213 4004 Brasidam
226 3954 330 4004 duobus
343 3955 468 4005 membris
478 3957 624 4018 contrariis,
639 3971 751 4020 quorum
764 3956 792 4004 in
803 3960 922 4005 extrema
931 3960 1006 4020 parte
1015 3953 1191 4003 similitudine
1201 3950 1325 4019 (ἐθάρσυνε
1336 3951 1431 4019 μᾶλλον
1441 3981 1473 3989 -

74 4039 254 4110 τολμηρότερον
272 4040 443 4108 προσφέροιτο)
461 4043 556 4092 similis
572 4045 757 4108 interpretatio
775 4042 989 4105 commendatur,
1006 4043 1159 4106 exposuisse
1176 4046 1255 4106 puto,
1273 4041 1380 4103 quando
1399 4040 1475 4103 utile,

76 4129 183 4196 quando
197 4129 295 4179 inutile
309 4134 379 4179 esset
391 4131 481 4195 copias
494 4130 527 4179 de
540 4131 660 4180 hostibus
673 4131 791 4182 edocere.
812 4129 944 4196 particula
955 4134 1047 4179 autem
1060 4126 1100 4176 κοιὶ
1111 4129 1140 4177 16
1152 4129 1240 4193 661666
1253 4129 1380 4191 membro,
1394 4143 1474 4193 quarn

77 4215 187 4266 Classen
205 4218 269 4266 item
288 4231 427 4282 perperam
448 4216 595 4280 intellexit,
613 4233 660 4283 666
677 4219 913 4284 transgressionem
934 4218 967 4266 ad
984 4217 1154 4282 participium
1172 4217 1357 4264 concessivum
1374 4215 1409 4280 τῷ
1426 4208 1476 4262 ’σ’ντι

76 4297 163 4366 ἀσθενῆ
177 4296 234 4352 ὄντα
246 4303 388 4353 referenda
400 4307 447 4354 est.
470 4304 511 4352 his
523 4302 589 4353 locis
602 4319 686 4353 unum
699 4307 757 4369 ipse
770 4305 856 4355 adicio
876 4302 1066 4364 difficiliorem,
1081 4317 1160 4367 quem
1174 4301 1260 4352 Saeve
1273 4317 1334 4351 cum
1346 4286 1416 4363 aliis,
1429 4303 1476 4365 qui

77 4389 184 4454 quidem
197 4390 332 4455 planiores
344 4396 415 4453 sunt,
429 4391 573 4455 praeteriit,
588 4389 646 4439 dico
659 4391 713 4440 IIII
727 4393 784 4454 114,
798 4394 821 4440 3.
844 4390 969 4440 Brasidas
981 4405 1041 4439 cnm
1053 4391 1183 4438 iniustum
1197 4403 1255 4438 6666
1268 4389 1410 4439 denuntiat
1423 4404 1476 4451 eos,

77 4477 123 4540 qui
136 4491 198 4526 suas
210 4482 299 4542 partes
312 4482 466 4542 sequantur,
479 4477 508 4526 in
520 4477 679 4542 perfidorum
691 4480 790 4528 civium
804 4492 915 4527 numero
926 4477 1032 4538 habere,
1045 4477 1153 4526 unicam
1164 4478 1244 4526 etiam
1255 4475 1334 4524 simul
1344 4477 1476 4525 rationem

77 4563 139 4614 talis
152 4565 356 4614 existimationis
368 4563 447 4614 tollit.
