3225 5092
2863 258 2983 321 139

197 467 387 528 Livio
420 485 676 548 semper
717 482 864 524 cum
901 455 1485 545 praepositionibus
1529 455 1885 518 coniunctis
1925 453 2281 517 ablativum
2324 453 2528 535 solum
2568 453 2809 517 adiciat
2837 475 2983 539 poe-

194 580 410 634 tarum
455 579 518 632 et
562 567 949 652 scriptorum
989 562 1358 648 posterioris
1399 561 1630 623 aetatis
1671 567 1929 621 secutus
1969 557 2286 643 exempla.
2350 580 2427 621 ac
2460 559 2510 621 si
2542 557 2705 622 forte
2737 561 2987 624 numeri

197 673 457 759 aliquod
494 672 684 736 huius
715 692 872 734 usus
905 668 1248 751 cognitioni
1273 664 1527 728 adferre
1557 672 1829 749 possunt
1860 663 2320 749 adiumentum,
2355 661 2568 726 dicam
2600 664 2774 748 apud
2796 664 2988 729 Iusti-

194 800 350 842 num
393 779 562 841 inter
605 775 780 839 locos
829 773 1179 837 verborum
1227 771 1728 855 compositorum
1776 790 1924 831 cum
1970 767 2100 832 solo
2146 766 2428 832 ablativo
2477 777 2988 835 constructorum

199 892 264 946 et
295 904 427 967 008,
469 883 534 944 111
575 881 811 966 quibus
843 878 1352 965 praepositiones
1387 873 1510 938 ‘ab'
1546 882 1610 936 et
1644 873 1766 936 ‘ex'
1800 881 2142 957 usurpatas
2176 874 2624 958 conspicimus,
2668 895 2811 936 eam
2851 874 2986 938 fere

192 986 600 1050 intercedere
640 987 974 1064 rationem,
1023 1002 1189 1066 quae
1231 982 1399 1046 inter
1438 1000 1740 1042 numeros
1787 976 1821 1038 7
1867 986 1931 1040 et
1972 976 2029 1040 3.
2103 997 2223 1040 nec
2265 979 2444 1061 piget
2486 999 2987 1043 commemorare

199 1090 376 1155 illam
422 1089 774 1171 licentiam,
825 1109 1018 1172 quam
1065 1085 1458 1149 sescentiens
1506 1076 1688 1168 apud*
1728 1081 2045 1146 Iustinum
2094 1079 2656 1166 deprehendimUS,
2706 1083 2989 1146 studium

191 1194 352 1260 illud
386 1194 704 1279 variandi,
738 1194 844 1257 hic
877 1213 1132 1277 quoque
1167 1190 1471 1274 conspici.
1526 1208 1677 1251 nam
1710 1189 1820 1249 uni
1853 1185 2191 1270 eidemque
2222 1184 2425 1250 verbo
2460 1208 2655 1249 unum
2686 1187 2987 1273 idemque

193 1300 675 1364 substantivum
716 1296 904 1362 modo
943 1299 1012 1359 in
1050 1295 1224 1359 nudo
1256 1292 1541 1358 ablativo
1574 1291 1857 1377 positum
1887 1290 2255 1354 adnectitur
2294 1290 2483 1354 modo
2516 1293 2987 1376 praepositione

191 1404 507 1489 praefixa.
574 1404 688 1467 sed
722 1405 850 1466 iam
887 1400 1138 1484 singula
1170 1407 1524 1484 sequantur
1555 1395 1779 1459 verba.

1176 1537 1267 1624 A)
1308 1537 1565 1602 Verba
1605 1535 2007 1621 simplicia.

403 1689 671 1730 arcere
706 1666 804 1746 11,
839 1665 899 1745 6,
934 1663 972 1726 8
1010 1661 1309 1741 ‘finibus',
1355 1660 1632 1725 cedere
1670 1659 1767 1738 18,
1798 1659 1854 1740 1,
1882 1660 1921 1722 6
1956 1658 2258 1745 ‘proelio',
2290 1658 2395 1740 29,
2420 1659 2479 1740 2,
2515 1658 2554 1721 6
2578 1659 2851 1742 .‘regno',
2884 1660 2988 1742 31,

197 1771 258 1851 5,
288 1771 322 1833 7
360 1770 610 1855 ‘Italia',
644 1770 747 1853 31,
774 1768 834 1850 5,
866 1767 906 1830 9
940 1767 1187 1849 ‘terris',
1221 1767 1324 1846 31,
1361 1764 1419 1849 7,
1447 1765 1484 1826 8
1519 1764 1748 1846 (Α813’,
1806 1764 1996 1828 1311118
2038 1772 2219 1848 patet
2246 1763 2421 1849 apud
2452 1763 2769 1838 Iustinum
2802 1762 2989 1827 huius

191 1875 377 1938 verbi
412 1896 559 1938 cum
591 1873 874 1937 ablativo
904 1871 1290 1935 constructio
1319 1890 1511 1952 quam
1544 1868 1719 1953 apud
1745 1867 2127 1932 Ciceronem
2161 1877 2225 1930 et
2250 1867 2621 1948 Caesarem,
2651 1866 2732 1930 de
2757 1868 2991 1952 quibus

199 1978 495 2043 conferas
527 1976 1075 2042 Hildebrandium
1109 1975 1162 2054 I,
1201 1997 1262 2060 p.
1299 1973 1401 2037 20.
1444 1973 1786 2036 liberare
1832 1972 1886 2054 1,
1924 1972 1979 2053 7,
2022 1973 2089 2052 13
2131 1972 2191 2054 2,
2228 1972 2286 2054 6,
2312 1971 2424 2054 21,
2464 1973 2526 2053 4,
2551 1972 2612 2054 4,
2640 1972 2707 2052 9,
2748 1972 2809 2054 5,
2838 1973 2895 2056 3,
2922 1972 2990 2053 9,

197 2082 258 2163 5,
285 2083 444 2164 9,1;
492 2083 591 2164 11,
622 2082 722 2163 11,
749 2081 819 2164 6,
865 2080 964 2160 11,
995 2080 1094 2161 13,
1122 2078 1459 2160 3;12,13,
1489 2076 1695 2161 3314,
1722 2077 1781 2161 4,
1808 2076 2103 2162 6,15,’1,
2133 2076 2199 2156 3,
2244 2076 2345 2158 31,
2372 2075 2433 2157 2,
2463 2076 2528 2155 1,
2562 2075 2664 2158 35,
2700 2077 2851 2158 1,-4,
2885 2076 2991 2161 39,

201 2187 255 2271 1,
286 2171 494 2268 1339,
522 2187 582 2268 2,
611 2186 676 2265 7,
712 2185 816 2266 41,
843 2186 903 2267 4,
930 2184 997 2263 93
1040 2182 1342 2246 ablativis
1383 2203 1697 2267 personae
1736 2181 2117 2267 praefigitur
2154 2182 2546 2265 praepositio
2588 2181 2663 2242 ‘a'
2697 2179 2800 2265 31,
2839 2181 2894 2262 1,
2926 2181 2985 2256 6,

192 2289 524 2374 pellere:
580 2292 646 2352 in
702 2288 824 2353 hoc
879 2308 1131 2373 quoque
1179 2286 1381 2350 verbo
1441 2307 1589 2348 cum
1643 2284 1774 2349 solo
1828 2284 2113 2348 ablativo
2168 2285 2616 2368 coniungendo
2671 2284 2990 2348 Iustinum

196 2394 499 2458 dictionis
533 2395 789 2479 optimis
822 2390 1244 2477 scriptoribus
1276 2392 1552 2453 usitatae
1592 2389 1761 2452 fines·
1788 2390 2146 2452 excessisse
2178 2388 2299 2452 hac
2330 2387 2513 2472 larga
2546 2389 2990 2473 exemplorum

198 2501 387 2584 copia
420 2499 770 2562 evincitur:
814 2496 875 2578 2,
898 2495 962 2580 4,
994 2495 1057 2574 1,
1093 2495 1153 2575 2,
1180 2494 1240 2574 9,
1269 2494 1336 2573 7,
1369 2493 1430 2575 4,
1459 2493 1520 2573 3,
1551 2493 1617 2576 1,
1652 2493 1710 2568 8,
1738 2493 1798 2577 6,
1823 2494 1894 2574 4,
1928 2493 1987 2578 9,
2018 2492 2213 2575 7,12,
2252 2493 2350 2573 13,
2376 2492 2438 2574 5,
2463 2493 2533 2574 4,
2571 2493 2669 2570 13,
2695 2492 2756 2577 5,
2783 2493 2988 2578 9,,13,

199 2593 401 2687 5,’17,
435 2602 538 2681 20,
563 2601 624 2685 2,
652 2603 720 2683 3,
754 2601 857 2682 21,
882 2600 944 2681 2,
975 2600 1083 2679 10,
1117 2599 1220 2675 21,
1249 2599 1306 2674 3,
1336 2597 1403 2679 9,
1439 2597 1541 2678 25,
1568 2597 1629 2678 2,
1655 2597 1723 2676 9,
1757 2597 1860 2677 28,
1893 2598 1947 2679 1,
1972 2598 2043 2680 4,
2077 2597 2179 2678 28,
2205 2597 2266 2681 2,
2295 2597 2360 2676 7,
2396 2598 2496 2680 30,
2521 2597 2582 2678 4,
2610 2597 2676 2676 9,
2704 2599 2806 2680 34,
2832 2598 2894 2682 2,
2920 2598 2987 2680 8,

197 2706 300 2791 35,
331 2706 389 2786 1,
417 2706 486 2788 2,
521 2707 630 2789 36,
668 2706 728 2788 2,
759 2706 866 2785 12,
901 2703 1004 2786 38,
1031 2703 1090 2785 3,
1117 2703 1185 2784 4,
1218 2702 1323 2786 41,
1355 2702 1410 2784 1,
1441 2702 1548 2782 10,
1581 2701 1687 2785 42,
1714 2701 1775 2782 2,
1807 2701 1914 2782 12,
1946 2702 2050 2779 42,
2076 2702 2138 2784 4,
2176 2703 2240 2783 1,
2273 2702 2377 2784 43,
2408 2702 2463 2784 1,
2489 2701 2559 2782 53
2605 2712 2826 2767 contra
2857 2711 2989 2766 tres

191 2820 442 2874 tantum
484 2819 745 2875 exstant
784 2810 929 2891 loci,
968 2809 1084 2873 ubi
1124 2808 1514 2893 praepositio
1556 2807 1849 2886 traditur,
1894 2828 2086 2890 quam
2126 2793 2254 2870 non
2294 2806 2503 2871 audeo
2537 2829 2685 2871 cum
2715 2807 2988 2872 Ruehlio

196 2916 436 2978 eicere:
487 2914 592 2995 20,
634 2915 688 2996 1,
728 2916 759 2976 1
799 2918 854 2976 ‘e
888 2912 1107 2977 Sicilia
1137 2910 1796 2994 Karthaginiensibus
1837 2910 2081 2994 pulsis',
2122 2911 2226 2992 22,
2263 2909 2323 2992 8,
2359 2910 2398 2973 3
2441 2911 2661 2996 ‘pulsis
2703 2934 2738 2975 e
2773 2911 2991 2976 Sicilia

189 3018 527 3105 Poenis’,¹)
571 3018 673 3100 36,
707 3018 768 3102 2,
808 3017 886 3081 15
929 3014 1165 3102 ‘pulsos
1208 3037 1275 3078 se
1317 3014 1400 3078 ab
1432 3013 1780 3100 Aegypto’.
1825 3014 2127 3078 solvere
2157 3014 2218 3096 3,
2244 3015 2305 3097 3,
2337 3015 2443 3096 12,
2478 3015 2537 3094 9,
2564 3015 2625 3100 2,
2652 3015 2720 3098 2,
2757 3015 2856 3098 12,
2889 3016 2988 3094 11,

190 3124 258 3204 5,
298 3123 398 3206 13,
423 3122 624 3204 5,16,
664 3122 763 3203 14,
788 3122 849 3206 2,
875 3122 944 3202 5,
983 3121 1082 3203 14,
1108 3120 1168 3203 4,
1199 3120 1265 3201 7,
1298 3120 1402 3205 21,
1429 3120 1489 3202 3,
1515 3118 1586 3201 5,
1619 3120 1722 3202 24,
1749 3119 1809 3204 2,
1841 3120 1947 3198 10,
1979 3120 2084 3204 29,
2112 3120 2171 3202 3,
2199 3119 2265 3201 7,
2298 3120 2403 3203 41,
2428 3121 2490 3202 4,
2518 3120 2575 3184 7.

1150 3259 1236 3346 Β)
1283 3260 1544 3324 Verba
1587 3261 2029 3344 composita.

400 3384 614 3448 abire
643 3383 706 3466 4,
731 3382 790 3461 5,
819 3382 859 3447 2
885 3380 1166 3465 ‘Sicilia',
1200 3382 1302 3463 23,
1329 3382 1389 3464 3,
1417 3382 1478 3464 9,
1508 3389 1566 3445 (3
1591 3381 1853 3464 Sicilia’,
1889 3382 1947 3467 7,
1974 3382 2034 3464 3,
2060 3383 2103 3445 4
2135 3384 2190 3445 (0
2225 3383 2562 3447 convivio'.
2597 3382 2990 3448 abstinere

196 3489 295 3572 12,
330 3489 392 3572 2,
431 3489 538 3571 113
586 3487 684 3572 15,
718 3488 777 3565 2,
821 3487 929 3569 13,
978 3486 1176 3568 30,’3,
1205 3486 1272 3568 3,
1314 3485 1418 3569 31,
1448 3486 1504 3568 1,
1533 3486 1602 3568 2,
1645 3487 1749 3568 34,
1783 3487 1842 3566 3,
1881 3486 1946 3568 1,
2003 3487 2395 3572 praepositio
2439 3486 2513 3550 ‘a’
2557 3489 2989 3572 praemittitur

193 3594 598 3660 substantivo
630 3613 972 3677 personam
1004 3589 1396 3675 significanti
1428 3589 1487 3675 8,
1515 3591 1575 3675 6,
1604 3591 1674 3672 4,
1710 3613 1822 3654 8110
1857 3592 1994 3654 iure
2020 3589 2331 3655 Ruehlius
2361 3590 2416 3675 1,
2446 3591 2502 3672 1,
2531 3591 2566 3653 7
2593 3591 2798 3656 verba
2825 3593 2991 3656 ‘con-

192 3701 484 3784 tentique
527 3699 797 3762 victoria
827 3698 1098 3782 imperio
1136 3695 1593 3777 abstinebant’,
1644 3717 1807 3781 quae
1852 3695 2187 3759 codicibus
2218 3699 2322 3760 ΤΠ
2370 3704 2516 3781 post
2552 3697 2990 3781 ‘quaerebant’

194 3805 586 3884 inseruntur,
610 3812 942 3886 tamquam
977 3803 1197 3886 spuria
1227 3802 1522 3866 removit.
1559 3801 1821 3866 delabi
1852 3800 1954 3882 33,
1979 3800 2041 3882 2,
2071 3802 2103 3863 1
2141 3803 2326 3886 ‘equo
2368 3801 2721 3887 delapsus'3
2779 3803 2991 3867 nudus

198 3906 522 3972 ablativus
554 3905 706 3970 111110
739 3904 939 3970 verbo
973 3906 1264 3971 adiectus
1296 3916 1634 3991 poetarum
1666 3915 1784 3988 est,
1820 3905 1900 3969 cf.
1928 3905 2126 3989 Verg.
2154 3905 2319 3969 Aen.
2352 3906 2451 3988 10,
2477 3906 2604 3970 596
2639 3910 2853 3971 ‘curru
2886 3907 2990 3972 de-

189 4011 410 4097 lapsus
443 4011 708 4094 eodem’,
740 4010 802 4088 5,
841 4011 966 4074 722
1014 4011 1213 4076 ‘caelo
1244 4011 1444 4075 facies
1478 4010 1744 4097 delapsa
1774 4011 2099 4097 parentis’.
2157 4033 2191 4073 0
2228 4010 2651 4097 scriptoribus
2685 4015 2991 4077 orationis

197 4116 440 4182 solutae
456 4118 702 4201 primus
720 4116 947 4180 Livius
967 4116 1022 4201 1,
1039 4117 1138 4199 16,
1152 4118 1191 4180 6
1207 4115 1406 4179 (03010
1423 4125 1691 4200 repente
1713 4114 2035 4201 delapsus’
2057 4115 2229 4180 hunc
2251 4137 2437 4180 usum
2457 4118 2730 4202 recepit3
2761 4115 2986 4182 Cicero

407 4310 445 4375 ¹)
474 4310 649 4376 Opere
682 4312 786 4360 iam
822 4307 1068 4359 absoluto
1103 4309 1159 4357 in
1193 4323 1384 4358 manus
1419 4323 1563 4358 meas
1599 4311 1749 4358 venit
1787 4323 2030 4371 censura,
2065 4323 2225 4373 quam
2250 4309 2659 4373 Petschenigius
2690 4311 2747 4358 in
2783 4309 2989 4375 ephem.

194 4413 376 4463 gymn.
397 4397 574 4447 Austr.
600 4412 647 4447 a.
673 4398 803 4446 1887
838 4413 887 4461 p.
911 4397 1013 4445 440
1042 4411 1116 4461 sq.
1144 4395 1211 4445 de
1245 4396 1481 4445 editione
1514 4395 1821 4446 Ruehliana
1856 4397 1981 4461 egit.
2033 4411 2141 4460 qua
2176 4411 2242 4446 ex
2277 4410 2500 4445 censura
2533 4395 2792 4461 intellego
2829 4398 2989 4446 etiam

192 4485 558 4549 Petschenig-ii
590 4487 909 4534 sententiam
948 4498 1010 4533 00
1048 4483 1328 4546 inclinare,
1363 4488 1426 4532 ut
1448 4482 1739 4532 Ruehlium
1775 4484 1973 4533 codicis
2000 4483 2041 4533 C
2068 4485 2389 4533 auctoritate
2424 4483 2543 4547 plus
2571 4498 2731 4548 quam
2757 4499 2853 4548 par
2878 4492 2991 4534 erat

195 4571 456 4621 confisum
484 4585 600 4620 esse
625 4577 839 4622 statuat.
888 4573 965 4620 ita
990 4576 1044 4621 01
1068 4571 1150 4620 1118
1176 4571 1384 4620 duobus
1411 4570 1542 4621 locis
1566 4571 1975 4636 Petschenigius
2001 4571 2444 4637 praepositionem
2466 4570 2529 4619 ‘e'
2550 4586 2671 4620 cum
2697 4571 2845 4620 codd.
2866 4568 2991 4622 ΙΤΠ

195 4665 381 4708 contra
407 4658 448 4708 C
476 4658 791 4708 servandam
818 4658 1120 4708 arbitratur.
