3225 5092
1413 241 1514 306 =19

116 434 235 498 horum
258 433 402 500 locorum
423 435 556 499 Hertzio
576 455 681 499 vanae
705 435 896 520 opinationis
919 456 1030 498 ansam
1052 432 1150 498 dedit.
1189 433 1268 497 dicit
1287 435 1373 498 enim
1392 432 1516 507 Gellius

114 562 139 602 s.
154 539 174 602 3
187 561 249 624 sq:
271 543 360 624 ‘erat
381 541 436 624 qui
456 539 580 605 diceret
602 539 719 623 legisse
741 561 774 602 se
797 541 830 602 in
851 540 1069 625 grammaticis
1094 541 1331 602 commentariis
1346 540 1382 604 P.
1395 538 1517 623 Nigidii

113 642 251 707 ‘saltem'
268 667 312 712 ex
327 667 364 708 eo
381 645 513 727 dictum,
535 645 621 730 quod
642 655 728 708 esset
745 645 781 708 ‘si
801 643 915 726 aliter',
931 643 1030 729 idque
1046 646 1152 728 ipsum
1167 645 1232 708 dici
1247 645 1375 709 solitum
1389 645 1517 730 pende-

114 749 299 831 fectionem,
319 771 395 812 nam
414 749 545 835 plenam
560 769 630 812 esse
647 751 854 814 sententiam:
876 749 913 812 ‘si
931 749 1026 812 aliter
1040 770 1104 811 non
1119 747 1244 832 potest’.
1275 749 1333 813 sed
1352 749 1387 813 id
1406 771 1464 814 nos
1483 752 1517 812 in

112 851 219 916 isdem
240 855 478 918 commentariis
498 855 534 917 P.
548 853 684 939 Nigidii,
717 877 791 918 cum
811 875 865 918 cos
885 874 964 935 non,
990 854 1117 938 opinor,
1138 853 1298 917 incuriose
1316 853 1516 938 legissemus,

112 979 273 1042 nusquam
291 957 496 1022 invenimus!
536 968 646 1024 tamen
667 979 715 1040 ea,
742 979 825 1042 quae
841 958 872 1022 h.
885 958 905 1022 l.
923 968 1091 1042 tamquam
1106 957 1282 1040 Nigidiana
1301 957 1517 1043 proferuntur,

115 1064 150 1125 in
169 1064 358 1126 universum
378 1062 477 1126 indoli
498 1064 566 1127 eius
589 1064 769 1148 rationique
791 1061 1059 1147 etymologiarum
1080 1063 1253 1125 convenire
1273 1061 1424 1127 Hertzius
1443 1062 1519 1127 libri

115 1164 296 1230 identidem
324 1170 567 1232 commemorati
589 1188 621 1252 p.
639 1166 682 1231 20
705 1167 954 1231 demonstravit:
987 1165 1112 1230 solebat
1137 1167 1222 1229 enim
1250 1164 1400 1249 Nigidius
1424 1186 1518 1231 voca·

116 1269 268 1335 bulorum
283 1273 422 1355 origines
439 1273 472 1335 in
490 1270 646 1357 stirpibus
662 1271 788 1335 Latinis
810 1292 978 1356 quaerere,
999 1268 1124 1334 solebat
1144 1271 1272 1356 saepius
1292 1292 1331 1334 eo
1350 1270 1520 1356 veriloquii

115 1395 237 1458 genere
249 1378 305 1458 uti,
322 1376 406 1460 quod
420 1374 544 1440 Gellius
556 1376 587 1440 h.
600 1376 620 1440 l.
634 1379 662 1457 ξ.
676 1375 697 1438 5
712 1377 887 1462 vituperat,
903 1383 939 1437 ut
950 1373 1059 1458 plures
1071 1395 1169 1438 voces
1180 1375 1214 1438 in
1226 1395 1325 1438 unam
1337 1385 1519 1440 contractas

115 1478 170 1542 vel
185 1481 294 1564 potius
311 1481 470 1567 ‘pressas',
492 1481 578 1566 quod
594 1480 733 1545 verbum
746 1477 894 1544 Donatus
909 1479 951 1543 ad
967 1479 1097 1543 Terent.
1109 1477 1239 1544 Phorm.
1252 1478 1279 1561 I,
1291 1478 1356 1563 4‚4
1375 1490 1519 1566 usurpat,

115 1605 188 1647 esse
206 1583 338 1647 diceret.
374 1584 460 1648 unde
482 1606 556 1649 cum
576 1584 745 1670 probabile
765 1594 850 1647 esset
871 1581 968 1648 Gellii
988 1584 1022 1646 ln
1040 1582 1103 1646 hac
1122 1605 1158 1646 re
1178 1591 1344 1647 auctorem
1365 1587 1520 1648 memoria

116 1709 182 1753 non
205 1687 331 1773 lapsum
356 1711 441 1771 esse,
465 1689 523 1754 sed
545 1711 581 1753 re
604 1711 683 1754 vera
705 1691 739 1752 in
761 1688 943 1772 Nigidianis
967 1689 1204 1753 commentariis
1226 1710 1265 1752 ea
1286 1687 1414 1773 legisse,
1437 1711 1520 1774 quae
1607 1699 1611 1704 ‘

116 1791 245 1856 Gellius
263 1814 296 1856 se
311 1795 474 1858 invenisse
490 1803 597 1878 negat,
614 1793 748 1858 Hertaio
764 1792 844 1857 nihil
859 1802 981 1858 restare
996 1791 1179 1875 videbatur,
1200 1794 1261 1856 nisi
1276 1802 1313 1857 ut
1327 1791 1411 1878 duae
1426 1793 1521 1858 huius

115 1897 225 1981 operis
242 1897 397 1964 editiones
409 1897 574 1962 veteribus
585 1905 680 1962 notae
692 1896 792 1962 fuisse
804 1906 1009 1982 putarentur3
1027 1896 1166 1960 ‘videtur
1177 1896 1295 1980 igitur',
1310 1899 1414 1982 inquit
1424 1920 1456 1983 p.
1467 1897 1519 1980 21,

118 2001 292 2084 ‘Nigidius
308 2013 482 2088 postquam
497 2025 586 2089 opus,
603 2025 664 2066 nec
679 2004 786 2087 ipsum
802 2010 890 2065 certo
906 2002 1013 2085 aliquo
1028 2001 1141 2066 ordine
1157 2003 1379 2086 compositum,
1400 2002 1459 2067 sed
1478 2025 1522 2066 ex

120 2105 258 2188 singulis
274 2105 608 2171 animadversionibus
629 2116 661 2171 et
681 2105 963 2192 disputationibus,
984 2113 1081 2191 prout
1099 2106 1166 2170 fors
1180 2104 1315 2191 tulisset,
1337 2105 1520 2190 conflatum,

117 2211 153 2272 in
169 2209 337 2295 publicum
353 2213 417 2276 iam
434 2214 594 2294 emiserat,
615 2221 727 2297 postea
747 2210 801 2275 hic
821 2210 887 2275 illic
906 2210 1130 2275 additamenta
1150 2211 1310 2274 adiecisse
1329 2211 1521 2297 notulasque

117 2315 333 2401 adspersisse,
351 2337 433 2400 quac
451 2316 570 2380 deinde
585 2318 617 2380 in
634 2315 732 2380 libros
744 2326 819 2401 post
833 2314 889 2380 illa
904 2314 1085 2401 descriptos
1098 2324 1248 2401 poterant
1262 2315 1449 2380 transferri.'
1480 2316 1523 2380 ad

116 2418 306 2483 hanovere
335 2421 551 2484 coniecturam
574 2419 725 2484 Hertzius
752 2421 851 2484 nimio
878 2419 982 2484 studio
1011 2440 1089 2483 suae
1117 2419 1157 2482 de
1183 2418 1278 2484 huius
1304 2421 1412 2505 operis
1440 2442 1523 2484 corn-

120 2523 280 2607 positione
298 2526 477 2588 sententiae
492 2524 654 2589 adductus
671 2547 741 2588 esse
757 2524 896 2588 videtur.
927 2525 992 2588 iam
1009 2525 1094 2587 enim
1109 2523 1323 2588 Mercklinius
1339 2525 1372 2588 in
1388 2546 1525 2590 censura

120 2649 181 2689 sua
198 2625 299 2712 (Berl.
313 2627 427 2693 Jahrb.
444 2627 537 2711 1846,
549 2628 576 2712 I,
588 2651 620 2714 p.
634 2628 712 2714 632)
730 2629 908 2714 simplicius
928 2630 989 2694 hoc
1009 2630 1055 2693 ita
1075 2629 1234 2715 explicari
1253 2649 1347 2714 posse
1368 2629 1464 2713 dixit,
1488 2640 1524 2693 ut

115 2729 263 2794 Gellium
279 2735 433 2797 memoria
448 2731 565 2797 falsum
581 2755 652 2796 esse
669 2743 856 2798 statuamus.
887 2731 1042 2810 lGellina’,
1058 2733 1171 2819 inquit,
1189 2735 1281 2796 ‘hatte
1296 2733 1347 2796 die
1364 2731 1521 2819 Scbnften

119 2835 176 2896 des
193 2834 346 2921 Nigidius
354 2835 469 2922 father
484 2837 603 2923 petenen
619 2838 719 2924 (‘cum
730 2887 736 2900 .
748 2889 755 2902 .
769 2836 1002 2922 .legissemus')
1022 2837 1087 2899 rand
1107 2836 1261 2900 erinacrte
1280 2837 1342 2900 sicli
1360 2837 1452 2915 rabit,
1472 2837 1523 2900 die

115 2939 311 3027 Etpmoloqic
325 2963 383 3004 voa
396 2941 508 3006 saltem
520 2941 680 3027 pey‘uaden
692 2965 728 3004 zu
741 2941 849 3005 baben.
876 2941 1018 3026 Erfand
1030 2943 1074 3004 sie
1085 2942 1168 3005 nicht
1180 2941 1214 3004 in
1226 2941 1331 3005 saaca
1339 2937 1522 3028 Escaptcn,

114 3044 188 3108 aad
208 3044 380 3108 schwerliob
399 3069 504 3108 warren
523 3047 585 3109 tam
609 3047 658 3110 die
684 3069 798 3110 comm.
817 3067 952 3130 gramm.
975 3068 1031 3108 aar
1049 3044 1164 3123 Hand,
1189 3069 1241 3109 aas
1263 3046 1325 3110 sicli
1348 3047 1448 3110 seiner
1463 3046 1521 3110 Be-

117 3150 281 3233 lzauptanq
301 3171 339 3212 aa
359 3151 591 3235 carpentariam?
627 3151 684 3214 scd
704 3152 823 3238 opponi
844 3160 949 3238 potest
971 3150 1071 3215 libros
1090 3149 1282 3234 Nigidianos
1303 3149 1407 3214 Gellio
1427 3153 1523 3215 etiam

119 3254 230 3338 ‘paulo
251 3254 347 3335 ante',
373 3265 407 3319 ut
427 3257 497 3341 ipse
518 3255 610 3336 dicit,
631 3277 729 3340 quam
749 3254 894 3340 XVIIII,
914 3254 955 3318 14
971 3255 1113 3341 scripsit,
1134 3264 1263 3340 praesto
1283 3255 1396 3338 fuisse,
1424 3265 1523 3341 atque

114 3359 207 3422 idem
228 3358 260 3421 h.
273 3357 294 3421 l.
308 3359 568 3444 exspectandum
583 3360 692 3444 fuisse,
714 3359 801 3445 quod
818 3357 941 3424 Gellius
960 3360 1032 3423 loco
1047 3358 1219 3443 simillimo,
1240 3358 1281 3422 de
1301 3380 1365 3444 quo
1385 3361 1521 3443 egimus,

111 3461 249 3544 XVIII,
257 3463 292 3547 4,
309 3463 347 3524 11
366 3484 399 3525 se
415 3463 532 3527 fecisse
548 3463 635 3527 dicit.
672 3473 785 3549 postea
805 3472 915 3528 autem
930 3462 1142 3527 Mercklinius
1162 3464 1233 3550 ipse
1247 3463 1413 3528 meliorem
1428 3463 1522 3528 huius

111 3567 180 3632 looi
197 3566 450 3652 explicationem
466 3571 592 3633 invenit
604 3591 677 3634 ann.
691 3568 767 3654 phil.
783 3568 887 3655 suppl.
901 3567 959 3645 III,
973 3591 1004 3654 p.
1020 3567 1092 3633 689.
1106 3579 1140 3632 et
1155 3590 1296 3653 cansam,
1314 3592 1372 3634 cur
1383 3571 1522 3655 priorem

117 3670 378 3756 explicationem
394 3671 570 3758 reliquerit,
591 3672 676 3736 hanc
692 3673 824 3758 profert,
844 3683 881 3736 ut
901 3674 969 3735 eius
984 3672 1095 3736 verbis
1115 3683 1201 3737 utar:
1220 3673 1296 3736 ‘weil
1310 3671 1429 3736 Gallias
1443 3675 1523 3736 aeine

110 3775 239 3839 Noctes
251 3797 290 3838 zu
305 3778 375 3838 sehr
385 3776 612 3840 verschiedcner
622 3777 688 3840 Zeit
702 3775 893 3862 pescbriebea
907 3777 975 3840 arrd
985 3775 1092 3840 soemo
1109 3777 1158 3840 die
1171 3776 1292 3839 Bastar
1303 3776 1357 3838 dec
1371 3777 1523 3862 Nigidius

115 3901 159 3942 au
182 3880 250 3942 seir
272 3879 499 3943 oeractiedener
523 3881 588 3942 Zeit
611 3879 727 3964 petenen
749 3881 851 3944 baben
873 3881 983 3957 kann',
1012 3881 1044 3945 id
1069 3881 1154 3965 quod
1179 3901 1239 3964 ego
1262 3902 1360 3965 supra
1382 3881 1521 3967 probare

115 3984 238 4048 studui.
274 3984 386 4047 nititur
409 3994 516 4048 autem
541 3984 643 4048 altera
663 3984 850 4049 Mercklinii
871 3985 1044 4072 explicatio
1068 3985 1139 4050 loco
1163 3984 1257 4050 simili
1278 3983 1425 4050 Gelliano
1444 3986 1521 4072 XV,

113 4087 169 4174 30,
182 4088 202 4151 3
215 4109 302 4174 sqq:
320 4091 405 4152 ‘nam
423 4110 496 4152 cum
513 4100 732 4176 quaereretur,
750 4091 960 4174 ‘petorritum'
978 4089 1066 4175 quali
1081 4089 1185 4155 forma
1196 4089 1381 4155 vehiculum
1398 4092 1523 4156 cuiatis-

111 4215 179 4278 que
194 4192 325 4277 linguae
342 4191 539 4257 vocabulum
556 4202 650 4278 esset,
672 4203 705 4256 et
724 4193 841 4258 faciem
862 4193 1005 4258 vehiculi
1021 4197 1193 4259 ementitus
1209 4205 1258 4259 est
1272 4196 1367 4278 longe
1382 4195 1522 4260 alienam

112 4297 297 4382 falsamque
320 4306 353 4360 et
373 4296 570 4361 vocabulum
587 4295 752 4364 Graecum
768 4320 839 4362 esse
860 4298 944 4362 dixit
958 4307 1055 4383 atque
1072 4299 1255 4383 significare
1270 4301 1419 4366 volucres
1435 4311 1522 4366 rotas

113 4403 345 4487 interpretatus
365 4411 424 4486 est,
448 4410 708 4486 commutataque
724 4425 789 4467 una
803 4402 912 4466 littera
930 4404 1138 4488 ‘petorritnm’
1156 4427 1227 4468 esse
1243 4405 1366 4470 dictum
1381 4406 1521 4489 volebat,

112 4508 207 4593 quasi
224 4506 454 4593 ‘petorrotum’,
476 4509 632 4592 scriptum
652 4509 749 4572 etiam
765 4507 827 4572 hoc
843 4529 914 4573 esse
934 4531 954 4572 a
970 4508 1225 4595 ValerioProbo
1246 4510 1432 4576 contendit'
1465 4511 1520 4596 (de

112 4611 244 4676 homine
257 4610 398 4696 quodam
410 4611 539 4696 garrulo
552 4620 584 4678 et
596 4613 704 4698 inepto
717 4635 823 4678 sermo
836 4613 911 4701 est.)
939 4616 1009 4698 ‘ego
1021 4636 1095 4681 oum
1106 4614 1205 4679 Probi
1217 4615 1333 4680 multos
1344 4613 1520 4680 admodum

1330 4735 1364 4789 2*
