3225 5092
61 242 122 306 166

60 434 191 520 quidem
211 443 247 498 ut
262 433 421 498 nonnullis
446 417 514 500 eius
534 438 712 500 orationum
735 435 814 499 locis
839 438 916 496 ἀλλὰ
938 441 990 518 γάρ
1014 436 1207 521 particulam
1227 440 1277 513 μέν
1301 437 1455 522 excipiat,

61 539 101 604 cf.
119 539 150 602 V
166 539 217 603 35.
234 548 332 625 atque
348 561 389 603 ex
405 562 442 604 66
458 549 603 626 tempore
619 542 696 602 ἀλλὰ
710 539 763 622 γάρ
780 542 845 604 iam
859 542 892 602 in
912 562 973 603 usu
989 542 1166 623 permansit
1182 540 1375 625 plurimique
1394 540 1456 604 loci

59 645 241 708 testimonio
253 653 342 725 sunt,
359 654 479 729 quanto
496 666 594 730 opere
606 645 665 709 has
681 643 815 708 voculas
828 647 1027 708 consociatas
1042 644 1268 709 adamaverint
1284 647 1457 730 scriptores

61 747 176 829 Attici3
194 750 234 812 cf.
249 749 334 813 Xen.
352 749 415 814 An.
433 750 483 814 ΙΠ
498 749 528 835 2,
545 750 605 831 25,
622 750 679 831 263
697 749 847 829 311161.
865 749 960 836 Apol.
979 749 1055 832 196,
1073 749 1104 832 d,
1122 748 1164 813 20
1174 772 1201 813 c.

719 1047 796 1113 IIII.

164 1202 234 1267 Iam
254 1212 425 1288 postquam
446 1204 486 1269 de
507 1207 584 1267 ἀλλὰ
602 1211 656 1287 γάρ
673 1207 796 1290 egimus
802 1255 811 1288 ,
832 1205 968 1269 alteram
984 1207 1053 1271 eius
1069 1205 1156 1270 modi
1173 1205 1459 1270 conformationem

60 1308 297 1392 examinemus,
321 1308 393 1373 dico
416 1310 470 1371 καὶ
494 1311 595 1395 (οὐδὲ)
618 1315 690 1392 γάρ.
723 1319 866 1374 ceterum
889 1309 1049 1395 particula
1070 1316 1124 1393 γάρ
1148 1333 1222 1375 cum
1244 1310 1314 1374 aliis
1330 1331 1458 1395 quoque

62 1413 129 1476 eius
145 1413 274 1496 generis
289 1413 413 1478 voculis
431 1414 703 1499 coniungebatur,
720 1414 820 1480 veluti
839 1414 976 1498 legimus
991 1417 1044 1497 γὰρ
1061 1414 1120 1496 οὖν,
1136 1417 1190 1496 γὰρ
1207 1417 1252 1497 δή,
1267 1419 1321 1495 γάρ
1336 1437 1389 1494 τοι,
1405 1417 1458 1495 γάρ

61 1539 104 1596 γε.
131 1525 227 1601 atque
244 1515 414 1608 (16γὰροῦν
431 1528 462 1582 61
478 1522 531 1600 γὰρ
548 1521 581 1596 δή
598 1518 683 1583 infra
699 1541 914 1604 exponemus3
931 1527 1056 1585 ceteras
1062 1569 1070 1601 ,
1088 1542 1171 1604 quae
1187 1519 1280 1601 nihil,
1297 1518 1382 1603 quod
1394 1540 1459 1581 me-

60 1632 187 1684 moratu
203 1619 336 1705 dignum
353 1624 402 1706 sit,
418 1622 588 1707 praebent,
605 1625 751 1689 omittere
767 1624 884 1710 placet.

57 1806 60 1813 Ι
164 1724 239 1789 Duo
257 1747 340 1811 quae
356 1735 429 1790 sunt
441 1749 562 1810 genera
578 1750 654 1791 usus
667 1728 899 1812 particularum
914 1729 970 1789 sci
987 1728 1088 1813 (οὐδὲ)
1105 1733 1166 1809 γάρ
1182 1729 1359 1813 templana
1374 1737 1457 1812 sunt,

60 1839 105 1912 ut,
123 1831 149 1892 si
165 1829 233 1894 sola
248 1830 337 1915 apud
352 1833 501 1917 antiquos
518 1833 753 1916 invenirentur,
774 1855 838 1898 non
853 1831 1060 1915 haberemus,
1078 1832 1164 1918 quod
1184 1833 1225 1896 de
1246 1855 1286 1896 ea
1305 1855 1341 1896 re
1357 1833 1460 1897 verba

62 1935 253 1999 faceremus.
270 1938 402 1999 1161111111
414 1936 502 2020 (111δέ)
512 1946 568 2001 611
580 1939 646 2002 vim
658 1936 881 2001 adverbialem
893 1936 993 2002 habet
1006 1939 1111 2020 (61611,
1123 1960 1224 2023 sopor,
1238 1938 1320 2000 116111
1328 1937 1443 2001 61611111
1440 1942 1457 2021 )

60 2048 116 2103 aut
128 2038 265 2103 alterum
277 2042 324 2101 καί
337 2041 366 2102 61
378 2040 562 2125 respondet.
587 2040 645 2105 sed
658 2050 732 2104 sunt
745 2040 818 2125 loci,
835 2041 877 2105 ad
894 2063 973 2126 quos
988 2051 1103 2105 neutra
1119 2040 1257 2126 quadret
1273 2040 1458 2126 explicandi

60 2145 151 2224 ratic,
171 2142 229 2206 sed
251 2143 368 2228 quibus
390 2145 436 2206 καὶ
453 2143 545 2232 (οὐδὲ)
561 2145 615 2224 γάρ
630 2167 650 2208 a
666 2145 803 2231 simplici
820 2144 877 2230 (οὺ)
893 2151 948 2226 γάρ
960 2147 1018 2210 vix
1030 2145 1195 2209 diversum
1213 2167 1284 2210 esse
1299 2146 1458 2232 videatur,

63 2248 103 2311 cf.
125 2247 229 2310 Kratz
250 2246 409 2312 Zeitschr.
426 2247 447 2311 f.
466 2246 586 2334 Gymn.
602 2248 671 2313 XX
692 2248 755 2312 599
777 2271 863 2335 sqq,
883 2249 1040 2314 Kuehner
1059 2263 1092 2335 p.'
1112 2249 1189 2334 855,
1211 2249 1286 2315 adn.
1306 2250 1337 2314 2.
1374 2252 1460 2316 hunc

61 2374 164 2429 usum,
183 2373 225 2416 ex
234 2373 296 2436 quo
309 2362 455 2438 tempore
464 2355 604 2438 primum
615 2355 649 2416 in
662 2355 790 2438 scriptis
799 2354 983 2418 Atticorum
995 2356 1168 2436 invenitur,
1181 2357 1332 2439 persequi
1341 2377 1459 2441 operae

62 2457 203 2542 pretium
227 2465 284 2521 est.
316 2479 456 2542 namque
481 2480 546 2522 non
571 2460 635 2523 iam
654 2458 697 2523 ab
718 2460 809 2522 initio
830 2481 904 2523 cum
928 2457 1067 2523 valuisse
1088 2481 1148 2544 per
1168 2480 1202 2522 se
1220 2467 1321 2544 patet.
1353 2460 1411 2524 sed
1432 2460 1459 2523 si

63 2563 237 2646 scriptores
257 2561 548 2648 perscrutabimur,
565 2563 746 2648 cavendum
767 2566 841 2646 erit,
863 2586 904 2627 ne
924 2563 967 2627 ad
987 2563 1074 2627 hunc
1094 2586 1189 2628 usum
1205 2585 1259 2628 eos
1276 2563 1363 2628 loces
1378 2563 1431 2628 ref
1449 2603 1459 2612 -

62 2689 181 2749 ramus,
194 2666 319 2751 quibus,
333 2687 528 2751 quamquam
540 2689 579 2732 ea
590 2689 641 2731 res
653 2668 740 2732 hunc
752 2667 805 2732 vel
815 2667 905 2732 illum
912 2669 1159 2751 grammaticum
1167 2668 1258 2752 fugit,
1269 2671 1354 2731 etant
1370 2669 1459 2753 (οὐδέ)

63 2781 95 2835 61
114 2776 167 2852 γάρ
189 2793 280 2834 suam
300 2780 473 2857 utrumque
493 2773 561 2836 vim
582 2773 764 2859 6611611111)
796 2775 914 2837 etenim
936 2781 972 2837 ut
990 2771 1078 2836 locos
1097 2794 1157 2857 per
1177 2794 1211 2836 se
1233 2772 1406 2851 dilucidos,
1426 2775 1459 2836 in

63 2875 180 2961 quibus
199 2875 390 2962 plerumque
410 2875 558 2960 gradatio
580 2879 679 2959 inest,
701 2886 918 2962 praeteream,
940 2878 1065 2962 siquid
1091 2880 1228 2964 scriptor
1251 2877 1459 2942 similitudine

62 2978 143 3044 alius
167 2979 335 3045 cuiusdam
358 2981 405 3044 rei
429 2979 619 3066 comprobat
636 2980 752 3067 (Thuc.
769 2981 854 3062 140,
877 2981 912 3066 5)
936 2991 991 3044 aut
1015 3002 1132 3045 causae
1151 2983 1323 3046 veritatem
1343 2984 1461 3066 premit

63 3083 158 3168 (auch
177 3083 317 3147 wirkla'cb
333 3084 435 3149 Thuc.
452 3085 504 3148 ΠΙ
522 3084 593 3169 108,
609 3083 645 3171 2)
661 3095 717 3149 aut
732 3087 758 3149 si
774 3085 817 3148 ad
834 3107 966 3149 causam
981 3087 1046 3148 iam
1067 3095 1352 3150 commemoratam
1367 3085 1459 3149 addit

62 3188 169 3269 aliam,
186 3186 272 3272 quod
289 3188 386 3252 etiam
402 3189 435 3252 in
451 3198 643 3272 argumenta
656 3211 698 3252 ex
711 3191 870 3254 contrario
886 3191 988 3275 petita
1000 3188 1118 3254 cadere
1131 3189 1220 3270 solet,
1238 3211 1320 3275 quae
1332 3188 1374 3253 ob
1388 3211 1460 3255 eam

62 3315 131 3356 rem
142 3295 271 3377 saepius
279 3293 445 3378 particulis
454 3294 500 3354 acl
509 3299 563 3374 γάρ
571 3293 770 3357 inducuntur
783 3293 830 3380 (v.
844 3293 1009 3358 Gebaueri
1021 3292 1095 3356 libri
1109 3315 1140 3378 p.
1155 3293 1195 3356 88
1209 3294 1282 3380 sq),
1299 3316 1338 3358 ea
1354 3297 1461 3359 omnia

65 3396 180 3461 vocula
199 3398 245 3458 καί
266 3398 500 3481 significantur.
532 3397 649 3483 quihus
668 3399 855 3485 praemissis
875 3387 995 3462 rectius
1020 3396 1060 3461 de
1080 3398 1215 3481 singulis
1238 3397 1316 3462 loeis
1339 3399 1459 3464 iudica-

63 3502 179 3566 bimus.
1293 3573 1296 3578 ,

168 3606 202 3671 Si
217 3608 251 3670 in
265 3605 423 3672 Herodoti
443 3629 537 3670 usum
559 3609 720 3692 inquirere
740 3607 902 3690 volumus,
924 3607 1044 3692 optime
1059 3605 1302 3691 proficiscemur
1317 3630 1337 3671 a
1352 3606 1460 3673 libello

63 3709 310 3793 Broschmanni,
332 3712 387 3796 qui
407 3733 439 3796 p.
456 3709 499 3774 52
515 3732 584 3796 sqq.
601 3710 703 3792 locos,
724 3712 780 3796 qui
799 3710 864 3775 huc
884 3713 1061 3796 pertinent,
1082 3713 1286 3775 enumeravit
1301 3719 1333 3776 et
1348 3713 1379 3774 in
1396 3711 1460 3776 duo

63 3837 184 3900 genera
200 3815 364 3879 distribuit
378 3817 433 3896 ita,
450 3823 486 3878 ut
501 3817 712 3897 examinaret,
728 3825 837 3880 utrum
853 3816 900 3877 καί
914 3817 980 3879 vim
992 3817 1157 3901 propriam
1169 3825 1331 3880 servasset
1345 3838 1459 3880 necne.

63 3920 166 3984 tribus
179 3929 305 3984 tantum
320 3919 373 3983 ille
388 3919 467 3983 locis
483 3922 529 3981 καί
546 3942 619 3984 cum
635 3925 687 4003 γάρ
704 3921 794 4005 quasi
811 3919 967 3983 coaluisse
983 3919 1214 3982 animadvertit
1226 3918 1275 3982 VI
1288 3920 1339 4001 77,
1351 3920 1417 3985 VII
1430 3921 1459 4002 9,

64 4024 137 4088 223.
170 4046 230 4108 ego
245 4046 323 4089 vero
338 4046 379 4087 116
395 4024 428 4087 id
444 4024 576 4110 quidem
593 4024 773 4089 concedere
789 4045 935 4108 possum,
953 4045 1026 4088 cum
1042 4022 1120 4087 mihi
1136 4024 1268 4109 quidem
1284 4024 1371 4089 locos
1391 4024 1460 4089 illos

169 4308 188 4373 ¹)
207 4307 403 4371 Luculentum,
420 4313 521 4372 quanta
540 4324 605 4374 opus
622 4310 657 4358 sit
674 4309 703 4357 in
720 4323 753 4358 ea
770 4324 799 4359 re
812 4309 950 4370 cautione,
968 4306 1119 4372 exemplum
1133 4306 1259 4358 adferam.
1285 4309 1307 4356 si
1321 4308 1380 4371 quis
1392 4307 1460 4356 Xen.

63 4397 142 4462 Ages.
155 4397 182 4445 Π
197 4396 228 4444 15
241 4395 339 4461 legerit
355 4393 395 4444 καὶ
412 4389 459 4462 γὰρ
475 4388 562 4458 111161)
581 4389 636 4461 ὀψέ,
653 4395 732 4444 facile
749 4393 789 4444 καὶ
805 4393 851 4462 γάρ
870 4411 916 4461 pro
929 4395 1045 4460 simplici
1057 4390 1103 4460 γάρ
1115 4399 1273 4460 usurpatum
1286 4408 1344 4443 esse
1357 4395 1462 4459 opinari

62 4485 158 4550 possit3
172 4483 219 4533 sed
231 4490 383 4548 comparato
393 4481 557 4546 Thucydidis
569 4481 628 4532 loco
639 4481 775 4532 simillimo
787 4481 923 4546 VII161,3
935 4478 981 4544 ἤδη
995 4478 1091 4548 γὰρκαὶ
1104 4476 1148 4547 ὀψὲ
1159 4473 1257 4546 111116
1270 4481 1382 4542 dubitet,
1396 4481 1462 4545 quin

63 4576 178 4635 utroque
190 4568 250 4620 loco
262 4569 395 4634 particula
407 4567 448 4618 acl
459 4567 624 4633 significetur
636 4568 670 4618 ad
683 4585 790 4619 causam
803 4570 833 4616 in
844 4583 934 4618 rerum
947 4569 1104 4618 condicione
1116 4570 1174 4632 ipsa
1186 4570 1300 4633 positam
1313 4567 1340 4617 id
1353 4582 1462 4632 quoque

63 4658 216 4719 accessisse,
228 4660 259 4704 ut
271 4658 324 4704 iam
338 4671 425 4705 serum
439 4656 492 4704 diei
505 4657 592 4704 esset?
