3225 5092
1412 211 1415 217 '
1485 134 1555 263 55ἲ

129 405 161 468 p.
173 381 214 446 21
226 380 436 469 (Schmidtii),
449 383 537 468 apud
551 383 649 449 schol.
664 384 707 448 ad
715 384 794 449 Stat.
805 384 908 450 Theb.
919 385 963 467 Π,
976 384 1049 468 382,
1061 407 1093 470 p.
1107 386 1148 450 63
1157 385 1309 473 (Barth),
1321 346 1528 474 inmythogr.

129 486 204 552 Vat.
217 483 261 570 ΙΙ,
275 487 331 570 96,
345 488 401 570 97;
414 489 465 573 99,
479 512 509 574 p.
527 488 586 552 107
601 511 646 574 sq.
662 489 786 576 (Βοᾶ.)
813 512 892 576 quos
909 490 996 555 locos
1014 492 1040 553 si
1055 491 1141 555 inter
1156 513 1191 554 se
1206 501 1239 555 et
1254 514 1328 556 eum
1339 490 1453 576 Servii,
1475 495 1530 579 qui
1609 538 1610 541 =

129 591 258 678 dicitur,
280 591 351 657 loco
367 593 572 678 conferimus,
595 593 743 658 videmus
760 595 792 658 in
808 594 872 658 hac
887 593 999 658 fabula
1014 595 1183 678 tradenda,
1207 605 1243 660 ut
1261 598 1294 659 in
1315 596 1385 660 aliis
1402 597 1528 682 quibus-

129 695 216 781 dam,
226 696 247 783 1)
265 719 320 762 666
337 699 433 762 etiam
448 700 482 761 in
498 697 632 782 singulis
648 697 757 762 verbis
773 699 842 762 fere
860 720 1037 782 congruere
1054 709 1150 785 atque
1166 701 1253 786 apud
1268 700 1438 786 Hyginum
1454 723 1529 787 quo·

128 823 203 886 que,
224 810 261 865 ut
280 802 368 887 apud
389 801 548 879 Servium,
570 823 666 886 quem
690 801 857 867 brevitatis
878 825 975 866 causa
996 805 1042 867 sic
1062 803 1200 889 adpello,
1223 805 1371 870 ultimum
1391 805 1529 870 verbum
1609 814 1610 853 ἓ

129 906 298 987 enuntiati,
316 927 378 990 quo
395 906 612 991 Triptolemus
629 907 804 988 Θεσμοφόρια
821 907 998 970 instituisse
1013 907 1162 990 traditur,
1179 930 1249 972 esse
1265 908 1448 993 ‘dicuntur’,
1465 933 1529 975 non

129 1009 274 1093 ‘dicunt’,
292 1008 385 1074 Statii
401 1018 510 1075 autem
526 1010 742 1093 scholiastam,
760 1013 812 1076 cui
827 1033 945 1075 nomen
958 1020 1006 1075 661
1017 1012 1189 1076 Lactantio
1202 1012 1345 1094 Placido,
1363 1022 1394 1077 ct
1405 1014 1529 1099 mytho·

127 1112 290 1200 graphum
312 1114 509 1179 Vaticanum
532 1117 609 1179 item
632 1117 797 1200 passivam
822 1115 959 1180 formam
983 1115 1206 1200 ‘appeHantur’
1232 1117 1398 1201 exhibere,
1426 1121 1472 1184 ita
1493 1128 1530 1183 ut
1609 1150 1610 1155 ¹

128 1217 500 1300 ί(116661611111166111,
521 1221 566 1282 ut'
584 1221 746 1303 corrigere
769 1220 977 1284 temerarium
997 1222 1046 1285 sit.
1078 1229 1186 1284 tantus
1206 1223 1292 1286 enim
1313 1232 1362 1286 est
1382 1221 1435 1286 ille
1457 1246 1529 1288 con·

127 1345 253 1405 sensus,
275 1332 310 1387 ut
329 1332 385 1388 aut
397 1320 569 1408 Hyginum
592 1333 624 1387 et
644 1324 854 1388 Lactantium
874 1324 1054 1402 Placidum,
1078 1327 1129 1388 cui
1149 1325 1310 1410 mythogr.
1329 1327 1403 1391 Vat.
1420 1327 1527 1412 debet,
1609 1336 1610 1401 ξ

128 1449 212 1512 quae
229 1449 256 1491 c.
271 1427 312 1490 96
328 1435 478 1509 exeunte,
495 1427 546 1510 91,
563 1427 605 1490 99
622 1428 764 1514 habet,²)
780 1437 813 1492 et
825 1428 975 1494 Servium
991 1430 1153 1492 communi
1169 1430 1257 1493 fonte
1272 1451 1346 1494 usos
1362 1453 1442 1516 esse,
1462 1443 1528 1516 aut,
1577 1461 1581 1479 ³
1609 1438 1610 1509 f

126 1531 215 1616 quod
230 1541 411 1618 temporum
427 1531 626 1616 singulorum
639 1533 833 1618 scriptorum
845 1534 969 1597 ratione
983 1532 1095 1597 habita
1111 1535 1206 1596 unice
1221 1555 1336 1599 verum
1351 1544 1410 1620 est,
1425 1536 1528 1623 Hygi·
1581 1532 1584 1541 ’

126 1659 206 1700 num
223 1645 403 1701 ceterorum
419 1637 518 1701 fuisse
534 1637 728 1723 6661616163)
746 1638 953 1701 statuendum
970 1639 1019 1700 sit.
1044 1659 1127 1723 quae
1143 1659 1194 1701 res
1210 1659 1285 1702 cum
1296 1642 1340 1702 ita
1352 1662 1386 1703 se
1399 1640 1527 1724 habeat,
1609 1626 1610 1707 i

126 1741 230 1805 Riesii
255 1743 459 1806 coniecturae
483 1740 732 1806 fundamentum
761 1749 810 1805 est
837 1740 1014 1822 sublatum;
1041 1763 1117 1806 nam
1140 1740 1305 1826 Hyginus,
1332 1767 1528 1831 quamquam
1609 1740 1610 1819 J

127 1845 217 1909 unde
233 1844 318 1910 hanc
334 1845 479 1910 fabulam
494 1845 649 1926 hauserit,
666 1847 749 1908 inter
764 1848 852 1909 viros
868 1844 979 1909 doctos
994 1844 1138 1910 nondum
1155 1846 1344 1932 convenit,⁴)
1365 1850 1398 1911 in
1414 1870 1453 1912 ea
1467 1859 1529 1914 tra·

127 1949 247 2035 denda,
260 1952 340 2015 utin
353 1952 478 2032 ceteris,
491 1973 556 2014 non
564 1949 729 2031 Latinum,
742 1948 801 2014 sed
811 1948 976 2014 Graecum
989 1958 1135 2014 secutum
1147 1971 1217 2013 esse
1226 1960 1391 2016 auctorem
1404 1962 1542 2027 certum,

128 2053 218 2140 est.⁵)
255 2054 312 2118 sed
336 2077 374 2118 ea
394 2057 492 2119 etiam
513 2057 595 2118 ratio
616 2054 835 2118 examinanda
852 2050 907 2117 'est
926 2055 1030 2138 primo
1051 2052 1166 2117 obtutu
1186 2056 1262 2118 satis
1282 2058 1443 2139 speciosa,
1464 2079 1529 2143 qua

127 2161 316 2243 nuperrime
332 2157 424 2222 Thilo
445 2158 532 2223 hunc
552 2158 660 2223 locum
681 2160 726 2222 ita
742 2159 885 2243 scripsit:
907 2157 1022 2221 ‘Varro
1043 2157 1083 2220 de
1104 2159 1261 2222 scaenicis
1281 2161 1457 2242 originibus
1477 2163 1528 2226 vel
1607 2158 1611 2235 f

125 2266 160 2326 in
176 2263 302 2328 Scauro
318 2262 554 2347 Triptolemum
570 2262 657 2326 dicit'
679 2259 939 2348 (monstratorem
960 2262 1083 2347 aratri),
1105 2260 1264 2346 ‘Nigidius
1281 2263 1437 2348 sphaerae
1458 2266 1528 2331 bar·

126 2369 260 2434 baricae
278 2367 337 2432 sub
353 2368 498 2452 Virginis
519 2369 610 2452 signo
626 2366 821 2432 Aratorem'
853 2376 886 2430 at
905 2366 988 2432 haec
1011 2368 1277 2452 interpunctionis
1300 2372 1433 2433 mutatio
1455 2372 1527 2436 sim·
1609 2362 1610 2429 ἶ

124 2473 242 2558 plieior
257 2493 355 2558 quam
370 2475 477 2536 verior
493 2471 621 2535 medela
638 2493 708 2535 esse
724 2471 866 2553 videtur,
887 2493 962 2535 cum
976 2479 1042 2535 tres
1057 2471 1133 2535 inde
1148 2474 1291 2536 oriantur
1307 2473 1528 2540 difficultates:
1609 2478 1610 2557 j

124 2578 269 2662 primum
285 2579 369 2641 enim
384 2575 603 2661 Triptolemus
619 2584 692 2661 post
706 2575 837 2658 longam
854 2574 895 2638 (16
912 2574 1026 2640 eodem
1042 2577 1259 2640 narrationem
1275 2598 1338 2641 non
1354 2587 1429 2662 apte
1446 2601 1528 2644 com·
1609 2568 1610 2627 ἕ

123 2690 336 2760 memoratur,
355 2680 472 2746 deinde
489 2688 613 2745 certum
626 2701 743 2744 nomen
755 2679 969 2760 desideratur,
986 2702 1050 2766 quo
1061 2679 1210 2764 Nigidius
1223 2680 1388 2745 ‘Aratoris'
1402 2684 1528 2767 signum

125 2783 358 2869 adpellaverit3
382 2784 521 2870 denique
545 2787 748 2848 enuntiatum
772 2783 871 2869 ‘quod
889 2783 1004 2852 Horon
1025 2783 1162 2848 Osiridis
1182 2785 1284 2850 filium
1303 2785 1345 2850 ab
1367 2787 1429 2851 hoc
1453 2787 1527 2851 edu·

127 2897 237 2953 catum
254 2889 376 2954 dicunt'
393 2888 581 2971 nonhabet,
598 2909 661 2973 quo
677 2888 847 2953 referatur.

231 2993 346 3080 Itaque
369 2993 556 3078 negandum
577 3015 641 3058 non
666 3002 714 3056 est
737 2992 918 3057 Varronem
945 2993 1016 3057 loco
1038 3015 1059 3055 a
1081 2991 1217 3076 Vergilii
1243 2996 1419 3078 interprete
1444 3017 1528 3060 com·
1609 3056 1610 3081 ,

124 3108 303 3164 memorato
315 3099 509 3183 Nigidianae
518 3097 694 3184 ‘Sphaerae
707 3096 909 3162 barbaricae'
922 3099 1118 3162 mentionem
1131 3097 1254 3160 fecisse.
1277 3099 1363 3182 quod
1376 3101 1402 3160 si
1414 3121 1528 3163 verum

126 3211 185 3285 est,
206 3205 272 3269 iam
293 3207 412 3268 corruit
432 3205 529 3268 etiam
549 3203 651 3267 altera
666 3202 768 3266 Riesii
789 3203 988 3282 coniectura,
1010 3223 1074 3286 qua
1095 3203 1288 3286 scripturam
1308 3202 1459 3266 traditam
1477 3203 1528 3266 ‘de
1609 3196 1610 3253 1

126 3309 287 3372 scaenicis
305 3307 481 3392 originibus
497 3307 551 3372 vel
566 3309 599 3371 in
616 3306 746 3372 Scauro'
764 3308 797 3369 in
812 3306 899 3370 hunc
915 3304 1047 3370 modum
1062 3306 1212 3370 mutavit:
1237 3304 1288 3368 ‘de
1311 3308 1448 3369 scenicis
1471 3307 1530 3371 ori·
1596 3304 1610 3327 “’

125 3412 257 3498 ginibus
273 3414 321 3477 II.
335 3422 371 3477 61
386 3415 418 3476 in
439 3412 582 3477 Scauro.7
611 3410 669 3474 sed
685 3409 865 3492 videamus,
882 3431 962 3495 quas
978 3410 1020 3474 ob
1036 3411 1177 3474 rationes
1192 3409 1246 3473 ille
1261 3432 1361 3474 unum
1377 3410 1528 3496 idemque
1609 3414 1610 3483 ᾗ

124 3517 283 3582 Varronis
308 3539 387 3602 opus
411 3516 565 3582 hocloco
589 3515 711 3601 duplici
741 3515 837 3581 modo
861 3513 1039 3598 significari
1062 3536 1126 3578 non
1148 3515 1218 3578 veri
1242 3514 1345 3578 simile
1368 3515 1528 3578 habuerit.
1609 3524 1610 3529 ’

125 3632 224 3707 atque
241 3624 392 3686 concedit
412 3622 543 3707 quidem
563 3619 653 3706 proll.
667 3643 699 3705 p.
713 3620 764 3702 37,
781 3619 856 3684 adn.
871 3618 889 3681 7
907 3620 1100 3683 sententiam
1122 3641 1241 3702 eorum,
1263 3619 1380 3703 quibus
1396 3619 1530 3684 Servius
1606 3648 1610 3713 3

124 3729 314 3812 logistorici,
341 3727 393 3791 cui
418 3725 531 3792 Scauri
554 3746 669 3790 nomen
694 3723 832 3788 inditum
855 3723 953 3787 fuisse
976 3724 1104 3800 scimus,
1129 3724 1372 3807 inscriptionem
1395 3723 1529 3814 alteram
1609 3772 1610 3775 ,

125 3855 253 3918 quoque
274 3831 420 3896 indicare
440 3833 530 3894 visus
550 3837 608 3911 est,
629 3851 664 3892 re
685 3830 757 3914 ipsa
776 3850 842 3893 non
861 3827 1043 3913 reprobari,
1068 3849 1142 3891 cum
1156 3827 1201 3890 M.
1215 3827 1372 3892 Aemilius
1388 3826 1529 3891 Scaurus

125 3937 241 4001 aedilis
263 3958 348 4000 anno
364 3959 396 3999 u.
412 3958 438 3999 6.
452 3934 525 3998 695.
542 3933 692 3999 ludorum
716 3934 948 4014 scaenicorum,
973 3954 1053 4018 quos
1076 3930 1188 4013 edidit,
1212 3932 1453 4015 magnificentia
1475 3954 1530 3994 cx·

132 4083 170 4090 ..—

234 4148 254 4214 1)
268 4149 322 4198 Eas
339 4149 367 4197 in
384 4147 604 4198 adnotationibus
620 4146 751 4195 indicavit
763 4146 885 4210 Langius
897 4144 948 4194 ‘De
960 4158 1031 4192 nexu
1048 4145 1119 4192 inter
1130 4143 1233 4207 Hygini
1250 4157 1342 4208 opera.
1351 4181 1355 4189 .
1364 4142 1378 4190 .'
1391 4158 1415 4206 p.
1427 4143 1460 4190 30
1473 4158 1530 4206 sqq.

234 4236 255 4300 ²)
268 4235 308 4285 cf.
319 4236 454 4300 Largium
471 4234 488 4282 l.
500 4249 522 4282 c.
533 4250 557 4298 p.
572 4236 601 4282 11
613 4249 665 4297 sq,
684 4233 856 4281 Foerstcrum
875 4231 959 4279 ‘Raub
977 4231 1024 4278 der
1041 4229 1220 4293 Persephone'
1238 4247 1263 4294 p.
1278 4231 1336 4278 291.
1367 4228 1477 4293 adparet
1494 4229 1530 4290 id,

125 4323 201 4389 quod
210 4322 273 4384 dixi,
283 4323 336 4372 iam
347 4337 362 4372 e
372 4322 460 4371 verbis
470 4321 533 4372 huic
543 4320 735 4386 mythographo
747 4334 806 4369 cum
818 4317 1022 4367 soloLactantio
1033 4317 1226 4379 communibus,
1236 4322 1267 4365 ut
1276 4316 1301 4365 h.
1309 4316 1326 4364 l.
1335 4315 1529 4380 ‘appellantur'.
1609 4308 1610 4333 ³

233 4410 256 4474 ³)
269 4409 309 4458 Cf.
320 4410 453 4474 Langium
466 4409 484 4458 l.
496 4425 516 4458 c.
528 4426 553 4474 p.
565 4409 605 4457 29.

234 4496 255 4562 ⁴)
270 4496 490 4546 osroenorum
504 4496 521 4544 l.
533 4513 555 4545 c.
566 4513 590 4562 p.
603 4496 642 4544 70.

237 4583 257 4647 s)
270 4583 338 4634 Vide
352 4583 448 4648 Langii
462 4584 576 4632 fontium
591 4581 731 4632 elenchum
744 4597 769 4645 p.
782 4582 815 4629 30
827 4596 884 4645 sqq.
895 4585 922 4629 et
934 4580 1080 4628 Robertum
1093 4578 1228 4628 Eratosth.
1240 4577 1339 4628 catast.
1351 4596 1374 4643 p.
1387 4580 1444 4627 235.

1524 4592 1610 4664 ,A
