3225 5092
97 466 176 528 quae
197 448 230 508 in
250 445 428 531 archetypo
449 445 576 511 Graeco
597 447 746 512 exstabat
766 457 959 511 structuram
981 451 1111 522 βλάπτειν
1133 448 1202 525 τινά,
1225 443 1361 506 alicuius
1383 441 1482 504 fuisse

96 552 244 613 momenti
259 573 323 613 non
339 573 469 634 prorsus
485 571 610 633 negem.
677 579 679 582 ·

195 653 250 717 Ad
266 676 446 718 sermonem
462 654 631 738 vulgarem
652 658 814 738 pertinere
834 654 1002 738 probabile
1023 664 1072 717 est
1092 656 1187 718 etiam
1203 651 1340 714 verbum
1359 672 1482 735 perse-

97 780 228 822 verare
244 761 410 822 transitive
427 768 617 844 usurpatum
636 759 684 841 12,
698 762 727 841 6,
747 759 785 822 15
802 759 854 824 ‘ob
870 760 951 824 haec
967 759 1012 823 illi
1028 757 1207 844 quadriduo
1219 764 1427 841 perseverate
1438 756 1483 818 in·

97 863 167 926 edia
183 864 251 926 est'.
285 886 358 947 cum
374 864 436 928 hoc
452 866 537 927 enim
552 863 652 928 verbo
669 863 783 928 Oieero
799 865 832 928 in
849 867 992 928 oratione
1009 884 1068 948 pro
1084 861 1213 942 Quinct.
1230 860 1282 944 24,
1300 859 1350 942 76,
1370 863 1404 923 in
1420 879 1483 943 qua

96 977 202 1052 utpote
219 972 324 1052 prima
340 971 492 1053 omnium,
514 990 595 1053 quae
612 977 749 1051 exstant,
771 972 951 1033 orationum
973 989 1152 1032 sermonem
1169 989 1231 1030 non
1246 988 1319 1030 raro
1335 964 1482 1049 111111111-

23 1095 28 1140 3'
98 1095 167 1135 cum
183 1083 240 1136 aut
254 1072 445 1138 familiarem
460 1073 582 1137 habere
600 1073 739 1139 colorem
755 1076 956 1138 notissimum
979 1083 1036 1156 est,
1060 1073 1283 1137 accusativum
1306 1070 1481 1150 coniunxit,

97 1198 297 1262 quamquam,
314 1178 346 1243 id
364 1178 451 1264 quod
467 1180 571 1242 minus
585 1179 745 1262 singulare
757 1190 815 1260 est,
832 1179 993 1244 obiectum
1006 1178 1146 1242 efficitur
1157 1178 1344 1261 pronomine
1356 1175 1482 1256 generis

23 1259 25 1290 ’
97 1283 212 1345 neutri:
232 1283 348 1366 ‘neque
364 1292 397 1345 te
413 1284 519 1368 ipsum
540 1283 572 1346 id
590 1282 675 1366 quod
692 1284 877 1368 turpissime
894 1285 1100 1367 suscepisses,
1121 1301 1328 1367 perseverare
1349 1287 1380 1341 et
1398 1287 1482 1341 tran·

22 1413 24 1436 1
98 1386 197 1467 sigere
213 1387 375 1470 potuisse’.
401 1388 477 1450 itam
493 1385 579 1472 apud
596 1386 668 1450 Liv.
682 1387 733 1468 22,
747 1388 798 1472 38,
814 1388 853 1451 13
869 1387 1008 1453 verbum
1020 1385 1248 1472 ‘perseverare'
1265 1383 1485 1447 accusativum

97 1491 286 1573 pronominis
296 1490 451 1554 adsumit:
466 1494 538 1575 ‘quo
551 1491 584 1555 id
598 1495 795 1555 constantius
807 1492 1075 1577 persevervaret’.
1094 1489 1151 1554 sed
1163 1493 1228 1554 iarn
1240 1487 1312 1554 bell.
1323 1487 1392 1551 Alr.
1404 1484 1483 1570 18,4

22 1583 23 1586 “
97 1593 143 1656 ‘ad
164 1594 401 1678 insequendum
426 1595 551 1660 hostem
574 1595 913 1680 perseverandumque
938 1618 1066 1659 cursum
1089 1593 1239 1659 tardiora'
1260 1592 1483 1657 accusativum

25 1735 27 1782 J
97 1696 285 1762 substantivi
308 1697 383 1763 huic
405 1700 506 1763 verbo
530 1699 720 1763 adiunctum
740 1701 898 1782 videmus,
924 1703 978 1785 qui
1002 1699 1131 1763 dicendi
1154 1721 1231 1762 usus
1254 1695 1482 1783 posterioribus

96 1802 290 1885 temporibus
301 1802 389 1867 haud
401 1826 473 1868 raro
486 1804 653 1869 observari
665 1814 779 1890 potest.
808 1806 949 1870 Iustinus
961 1815 1070 1868 autem
1082 1806 1198 1868 ceteris
1213 1803 1293 1867 locis
1305 1799 1484 1866 secundum

97 1926 295 1970 communem
305 1907 433 1994 dicendi
443 1909 708 1972 consuetudinem
720 1909 781 1974 hoc
791 1910 929 1975 verbum
941 1933 1014 1973 cum
1026 1908 1168 1974 ablativo
1180 1909 1417 1992 praepositione
1430 1906 1482 1968 ‘in’

97 2011 238 2092 praefixa
259 2013 435 2076 consociat:
456 2013 486 2094 4,
507 2013 538 2094 5,
559 2012 593 2093 33
617 2014 665 2090 16,
682 2013 712 2094 4,
731 2014 785 2093 12;
806 2015 858 2090 44,
875 2013 905 2096 2,
922 2013 951 2078 8.
983 2015 1152 2078 transitive
1170 2034 1265 2098 porro
1286 2018 1484 2096 usurpantur

98 2125 203 2179 eontra
225 2137 317 2179 usum
338 2118 530 2202 optimorum
551 2118 744 2203 scriptorum
765 2118 829 2197 duo
850 2118 961 2200 verba,
982 2117 1098 2203 quibus
1114 2120 1198 2181 inest
1214 2115 1403 2202 significatio
1419 2138 1483 2180 mo-

97 2221 199 2284 tionis:
226 2221 433 2285 ‘festinare'
456 2229 488 2288 et
508 2223 745 2307 ‘penetrare’,
769 2245 905 2308 quorum
929 2225 1017 2308 prius
1037 2223 1156 2307 legitur
1175 2222 1227 2305 36,
1243 2222 1274 2303 4,
1294 2221 1333 2284 10
1354 2219 1405 2284 ‘ad
1426 2222 1483 2284 eri-

97 2325 246 2408 piendum
262 2325 481 2390 Aristonicum
495 2326 682 2412 Perpernae
759 2327 911 2392 festinata
926 2327 1096 2417 velocitate
1114 2327 1299 2392 contendit'.
1330 2325 1484 2411 pleraque
1595 2382 1596 2389 ,

97 2427 185 2492 huius
202 2431 450 2495 constructionis
467 2431 617 2517 exempla
633 2433 665 2495 in
677 2431 784 2497 Taciti
799 2431 890 2496 libris
905 2435 1122 2518 reperiuntur:
1139 2431 1180 2495 cf.
1194 2430 1280 2494 Ann.
1293 2430 1324 2512 6,
1336 2429 1378 2492 46
1391 2429 1485 2492 ‘festi
1595 2418 1596 2427 ¹

27 2541 29 2546 ’
97 2535 175 2597 natis
190 2533 338 2599 lictorum
354 2534 524 2618 manibus',
542 2537 570 2618 6,
587 2535 630 2600 50
651 2535 803 2600 ‘festinati
820 2538 934 2618 casus',
951 2536 1138 2619 Η111.1,90
1158 2536 1319 2600 ‘festinata
1339 2536 1403 2599 iam
1423 2535 1484 2618 pri·

98 2636 167 2700 dem
187 2639 378 2719 exactione',
404 2639 434 2721 2,
458 2639 499 2704 57
525 2640 695 2705 ‘festinatis
718 2663 777 2725 per
796 2639 920 2705 Gallias
943 2640 1145 2719 delectibus'‚
1168 2640 1199 2721 4,
1223 2639 1263 2703 67
1289 2638 1485 2703 ‘festinatum

27 2797 29 2804 .
97 2751 213 2806 temere
224 2743 403 2828 proelium,
413 2743 464 2808 all.
475 2747 619 2809 activum
628 2767 701 2810 cum
710 2748 896 2810 accusativo
907 2747 1113 2810 coniunctum
1125 2747 1229 2831 poetis
1240 2744 1486 2830 frequentantur
1594 2796 1595 2805 ,

26 2861 27 2864 ’
99 2845 315 2912 1111111111111.
333 2857 415 2931 trag.
428 2848 520 2926 XVI,
538 2871 568 2912 v.
585 2849 650 2912 434
669 2849 709 2913 V.
728 2851 890 2914 ‘festivum
902 2849 1033 2913 festinat
1049 2849 1156 2931 dieni',
1176 2848 1275 2933 Verg.
1285 2849 1368 2916 Aen.
1378 2848 1409 2929 4,
1420 2846 1485 2911 575

100 2949 257 3014 ‘festinare
281 2951 414 3038 fugam',
438 2953 517 3018 Hor.
536 2953 571 3020 C.
588 2956 618 3037 4,
638 2955 688 3036 11,
705 2953 725 3017 9
749 2955 878 3018 ‘cuncta
900 2954 1030 3019 festinat
1046 2953 1180 3018 manus’.
1212 2976 1255 3018 ex
1275 2952 1484 3039 scriptoribus

99 3062 210 3138 autem,
227 3059 281 3141 qui
293 3055 459 3123 Ciceronis
476 3066 581 3122 aetate
596 3057 785 3141 floruerunt,
800 3082 885 3124 unus
901 3058 1070 3125 Sallustius
1086 3059 1148 3123 hoc
1163 3058 1302 3124 verbum
1316 3059 1484 3122 transitive

25 3229 26 3234 1
99 3168 237 3244 usurpat,
260 3163 306 3224 ita
330 3170 449 3244 tamen,
473 3172 507 3226 ut
526 3165 705 3227 accusativi
727 3163 836 3228 locum
857 3173 1008 3229 neutrum
1032 3165 1228 3249 pronominis
1253 3163 1305 3227 vel
1329 3163 1483 3228 adiectivi

101 3270 216 3327 teneat:
236 3264 413 3350 1111.77,1
436 3269 479 3330 ‘ni
495 3266 528 3330 id
548 3267 735 3348 festinaret’,
758 3268 843 3348 73,1
863 3267 914 3331 ‘ad
935 3269 1097 3352 integrum
1116 3267 1237 3333 bellum
1254 3275 1371 3332 cuncta
1391 3275 1485 3352 parat

30 3419 32 3422 .
101 3366 308 3455 festinatquc'.
340 3371 475 3435 alterum
492 3371 629 3436 verbum
648 3373 766 3456 legitur
781 3373 860 3437 Iust.
877 3372 929 3457 24,
944 3373 975 3454 4,
992 3374 1012 3437 3
1034 3374 1147 3459 ‘portio
1162 3371 1311 3458 illyricos
1327 3371 1413 3434 sinus
1430 3369 1485 3433 du-

102 3469 189 3535 cibus
202 3474 318 3539 avibus
335 3527 342 3539 .
358 3524 386 3538 ..
407 3496 467 3561 per
486 3485 610 3560 strages
626 3475 840 3541 barbarorum
859 3476 1064 3562 penetravit',
1087 3478 1141 3562 qui
1157 3477 1246 3541 locus
1267 3477 1405 3560 primum
1421 3476 1485 3538 iam

102 3595 139 3637 eo
153 3588 326 3643 memoratu
343 3581 459 3664 dignus
476 3589 533 3662 est,
551 3582 637 3666 quod
653 3581 694 3646 ad
711 3582 849 3647 verbum
865 3581 932 3645 fere
949 3603 991 3644 ex
1003 3581 1101 3666 Verg.
1111 3581 1194 3647 Aen.
1211 3582 1239 3658 1,
1252 3581 1316 3644 243
1330 3578 1486 3643 ‘Antenor

101 3683 198 3762 potuit
214 3733 220 3747 .
238 3734 244 3746 .
263 3734 269 3746 .
291 3683 439 3769 illyricos
460 3694 630 3770 penetrare
652 3687 748 3749 sinus’
773 3686 962 3775 desumptus
983 3696 1040 3751 est.
1072 3693 1169 3771 atque
1189 3686 1276 3749 hunc
1296 3682 1403 3749 locum
1421 3705 1485 3748 non

103 3785 223 3851 unicum
239 3809 319 3871 esse,
340 3787 396 3852 ubi
412 3789 555 3853 Iustinus
571 3789 624 3853 vel
639 3790 766 3874 Trogus
781 3790 957 3877 Pompeius
974 3790 1109 3875 Vergilii
1129 3789 1322 3855 locutionem
1342 3790 1375 3852 in
1389 3811 1485 3852 usum

33 3965 34 3970 1
105 3908 188 3954 suum
210 3895 375 3975 convertit,
399 3895 495 3959 immo
519 3915 676 3979 perquam
699 3894 807 3960 multis
829 3895 908 3960 locis
931 3897 1142 3960 imitationem
1166 3894 1386 3979 Verg'lianam
1414 3915 1485 3958 con·

106 3992 177 4076 spici
191 4017 283 4081 posse
304 3997 537 4062 demonstravit
557 4021 660 4084 nuper
680 4000 720 4064 A.
735 3999 886 4085 Sonnyus
902 3999 986 4064 Mus.
999 3998 1102 4064 Rhen.
1119 4008 1141 4063 t.
1153 4000 1206 4082 41,
1222 4022 1254 4085 p.
1268 3998 1333 4062 473
1348 4021 1395 4084 sq.
1427 3997 1485 4062 sed

105 4093 161 4160 hoc
181 4123 251 4166 oum
272 4104 378 4166 minus
402 4104 563 4188 pertineat
582 4105 624 4168 ad
644 4114 788 4170 nostram
811 4106 1041 4190 quaestionem,
1064 4104 1208 4169 breviter
1232 4103 1387 4188 adtigisse
1408 4105 1485 4167 satis

106 4197 208 4270 habeo.
237 4215 367 4290 praeter
386 4207 567 4291 Vergilium
587 4208 649 4274 hoc
668 4208 807 4274 verbum
826 4211 996 4274 transitiva
1015 4211 1143 4274 notione
1164 4217 1321 4294 usurpant
1339 4208 1438 4272 Lucr.
1453 4208 1485 4292 4,

42 4371 43 4374 ,
107 4302 369 4393 660111111111111.
382 4362 387 4374 .
399 4312 549 4397 ‚fauces',
561 4313 592 4395 4,
602 4312 663 4380 891
679 4316 900 4401 ‘penetratque
913 4314 1079 4380 foramina'
1092 4323 1124 4379 et
1132 4317 1304 4399 scriptores
1312 4323 1487 4398 argenteae

107 4417 140 4470 et
150 4417 325 4495 posterioris
341 4416 518 4502 latinitatis,
540 4417 581 4481 cf.
598 4417 676 4482 Tac.
694 4418 773 4503 Agr.
790 4419 831 4482 27
851 4417 1485 4504 11111111111111101111101111111,11111,

108 4511 156 4596 36,
172 4517 208 4580 14
222 4518 418 4586 ‘Mulucham
437 4520 551 4585 urbem
570 4572 576 4585 ,
596 4575 601 4586 .
621 4573 627 4585 .
645 4523 847 4608 penetravit,
869 4523 990 4587 11111111
1007 4522 1116 4609 prr,
1134 4544 1230 4608 quem
1246 4522 1386 4587 confecit
1404 4522 1486 4587 Har-

42 4677 44 4714 5
107 4614 199 4684 telios.
228 4645 287 4689 nee
306 4627 412 4690 minus
433 4626 550 4712 dignus
571 4628 625 4713 qui
645 4635 772 4694 notetur
793 4639 842 4695 est
860 4650 937 4694 usus
953 4629 1139 4694 transitivas
1156 4627 1249 4695 verbi
1266 4628 1413 4708 cedere,
1430 4625 1485 4691 ubi
