3225 5092
133 415 182 499 11,
201 416 230 499 3,
251 415 293 480 20
313 415 542 482 ‘misericordia
561 415 708 481 fortunae
732 419 841 482 1111..
858 416 1049 498 inductus,
1075 416 1126 495 32,
1144 416 1174 502 2,
1190 416 1212 480 4
1227 417 1438 482 ‘verecundia
1460 418 1527 481 eius

131 521 256 587 motus’.
292 520 350 585 sed
368 522 471 604 magis
492 519 590 606 digna
611 543 693 607 quae
714 529 1005 587 commemorentur
1025 544 1063 586 ea
1083 530 1157 585 sunt
1177 522 1336 609 exempla,
1356 524 1390 586 in
1410 522 1527 608 quibus
1608 506 1610 549 ¹

132 647 262 690 causam
277 627 478 708 exteriorem,
500 648 572 689 eam
589 625 671 710 dice,
692 647 774 710 quae
796 635 889 690 extra
904 626 1087 690 subiectum
1102 627 1208 712 posita
1223 636 1281 708 est,
1303 626 1446 692 ablativo
1462 625 1527 690 solo

132 752 321 816 expressam
348 732 576 815 conspicimus:
604 730 634 811 5,
654 729 684 812 5,
707 730 727 793 2
753 730 905 816 ‘praedae
929 731 1102 794 dulcedine
1130 732 1198 794 sine
1224 730 1412 794 insidiarum
1439 741 1528 794 metu

132 856 258 920 sparsos
279 834 395 898 milites
415 834 523 899 habet'
546 834 785 921 (111111.4,12
803 834 985 898 ‘dulcedine
1007 835 1225 919 contionum),
1246 836 1299 918 41,
1315 836 1345 918 3,
1364 836 1380 897 1
1398 838 1528 905 ‘uxores

132 939 301 1004 dulcedine
322 942 431 1004 variae
451 937 593 1002 libidinis
615 939 731 1023 singuli
751 939 861 1025 plures
885 938 1026 1021 habent’,
1052 938 1102 1023 12,
1121 939 1152 1024 4,
1174 940 1195 1003 4
1219 939 1373 1003 ‘laborem
1394 939 1527 1004 militiae
1608 980 1610 983 -

131 1044 306 1110 molliorem
318 1044 385 1107 fore
398 1043 570 1109 dulcedine
583 1044 741 1125 uxorum',
758 1043 787 1124 8,
800 1044 830 1126 6,
844 1045 864 1107 6
877 1046 1008 1107 ‘maiora
1019 1046 1052 1106 in
1062 1065 1099 1108 eo
1112 1042 1266 1128 obsequia
1277 1043 1444 1108 habiturus
1457 1045 1528 1107 sive
1608 1074 1610 1089 =

132 1149 345 1213 conscientiae
361 1147 485 1234 pudore
506 1151 575 1211 sive
594 1150 688 1233 regni
707 1147 888 1228 beneficio',
905 1148 934 1232 9,
948 1146 1011 1231 8,9
1029 1147 1196 1212 ‘amicitias
1215 1146 1362 1230 utilitate,
1382 1171 1446 1212 non
1461 1148 1529 1213 fide

132 1252 276 1335 colebat',
295 1253 345 1334 13,
360 1253 388 1335 1,
401 1251 421 1316 5
438 1251 648 1336 ‘indulgentia
663 1255 793 1317 victoris
809 1255 843 1317 in
859 1274 931 1316 eam
948 1252 1033 1316 diem
1048 1253 1135 1315 vitae
1150 1274 1216 1316 non
1231 1253 1453 1337 paenituerat',
1476 1252 1528 1334 16,

133 1358 161 1442 1,
176 1357 213 1420 ll
233 1359 371 1441 ‘regem
387 1408 393 1419 .
408 1408 415 1421 .
429 1379 463 1421 se
478 1358 690 1423 Macedoniae
706 1358 759 1422 vel
775 1359 890 1421 aetatis
913 1357 1144 1442 experimentis
1164 1355 1216 1418 vel
1238 1357 1342 1420 causis
1361 1357 1530 1422 iustiorem
1608 1402 1610 1412 ·

132 1463 223 1544 esse',
248 1461 299 1543 20,
316 1461 347 1545 5,
367 1462 406 1527 10
427 1461 557 1527 ‘bellum
576 1463 663 1547 quod
683 1463 734 1526 lue
755 1461 986 1542 deseruerant',
1010 1445 1105 1542 21,’5,
1122 1458 1141 1522 9
1159 1460 1336 1544 ‘magisque
1356 1459 1437 1524 haec
1457 1470 1529 1524 arte

133 1588 229 1653 quam
251 1569 367 1631 amisso
390 1567 490 1651 regali
513 1567 636 1653 pudore
659 1566 821 1649 faciebat',
849 1565 901 1646 22,
921 1565 951 1646 2,
976 1566 991 1628 1
1017 1565 1099 1629 ‘odio
1124 1563 1401 1648 Syracusanorum
1423 1567 1528 1651 primo

131 1679 260 1756 praetor
275 1693 352 1736 mox
368 1671 436 1734 dux
452 1671 600 1748 creatur',
618 1670 669 1754 22,
683 1670 712 1752 8,
729 1671 768 1734 10
781 1671 810 1732 ‘a
823 1678 915 1755 patre
927 1671 1031 1732 noctis
1043 1690 1150 1733 errore
1168 1669 1370 1733 discesserat'
1385 1668 1441 1755 (cf.
1451 1670 1527 1734 Liv.

131 1776 183 1858 24,
195 1776 232 1839 11
244 1775 288 1839 ‘id
297 1799 403 1841 errore
411 1779 537 1841 viarum
549 1799 590 1840 an
603 1777 779 1859 exiguitate
790 1776 944 1860 temporis
956 1776 1091 1859 exsequi
1103 1795 1167 1837 non
1178 1775 1319 1859 potuerit
1329 1775 1528 1861 incertum'),

131 1880 183 1963 24,
200 1880 230 1965 4,
247 1880 268 1943 4
288 1879 432 1967 ‘Alpium
455 1882 530 1964 iuga
552 1881 674 1943 invicta
694 1889 726 1943 et
745 1879 866 1963 frigore
887 1878 1102 1943 intractabilia
1121 1878 1192 1942 loca
1213 1877 1338 1964 (111911
1357 1878 1413 1941 der
1432 1878 1529 1941 Katre

130 1984 319 2048 aawirtbare
343 1983 442 2068 Ortc')
463 1983 682 2065 transcendit',
703 1983 754 2068 29,
770 1983 798 2061 1,
813 1983 830 2045 'l
848 1982 946 2068 ‘apud
961 1982 1251 2066 Karthaginienses
1272 2003 1399 2067 quoque
1419 1991 1529 2046 aetate

132 2092 303 2154 immatura
316 2089 384 2152 dux
395 2088 560 2152 Hannibal
573 2089 786 2170 constituitur,
806 2110 869 2152 non
886 2089 1021 2173 penuria
1034 2090 1194 2151 seniorum
1211 2086 1268 2150 sed
1281 2085 1527 2152 1111811111-

132 2177 1530 2276 1111’,34,2,1(11...1111111111111111111111111111111’,38,2,111111111111111111·

132 2297 223 2361 dates
236 2299 420 2361 accessione
430 2296 655 2383 Cappadociae
668 2297 773 2380 (mach
782 2297 850 2359 dam
859 2296 1028 2373 Zawachse,
1041 2317 1147 2379 wopan,
1159 2295 1278 2380 infolpa
1289 2295 1342 2358 dea
1351 2295 1529 2359 Zawacbses

130 2424 189 2466 111
206 2400 447 2486 Cappadociea')
461 2403 557 2465 etiam
568 2400 756 2486 Bithyniam
768 2399 938 2465 finitimam
949 2399 1139 2482 invaderet’,
1162 2422 1224 2484 quo
1237 2399 1359 2464 deloco
1371 2400 1529 2464 Ruehlius

5 2521 8 2592 Q
130 2529 194 2572 non
217 2514 306 2570 recte
328 2503 473 2570 iudicare
495 2505 573 2569 mihi
595 2505 738 2587 videtur,
767 2507 793 2568 si
816 2513 889 2592 post
909 2503 1156 2589 ‘Cappadociae’
1178 2503 1302 2589 aliquid
1323 2503 1529 2569 intercidisse

131 2613 291 2696 opinatur,
308 2610 359 2696 38,
373 2608 402 2692 8,
416 2610 435 2674 9
452 2611 576 2694 ‘sagina
590 2611 711 2674 ventris
727 2633 791 2674 111
807 2609 928 2673 homini
944 2609 1000 2672 sed
1016 2608 1133 2674 beluae
1148 2607 1278 2673 similis’.
1306 2607 1371 2672 huc
1387 2608 1529 2693 denique

130 2717 293 2802 pertinent
311 2713 363 2798 44,
379 2715 409 2791 4,
427 2714 447 2777 2
469 2713 519 2778 ‘ad
540 2735 676 2797 regnum
696 2723 742 2778 tot
759 2713 977 2799 periculorum
996 2714 1206 2795 miseratione
1220 2713 1378 2797 pervenit'
1395 2721 1427 2774 et
1447 2713 1526 2777 ibid.

131 2844 154 2884 s.
174 2820 214 2883 10
237 2817 459 2884 ‘admiratione
483 2816 601 2882 deinde
623 2826 671 2880 tot
693 2839 827 2882 casuum
851 2817 1132 2903 periculorumque
1156 2816 1198 2880 ab
1221 2817 1336 2881 eodem
1359 2838 1529 2881 successor

129 2927 222 3010 regni
237 2923 434 2996 destinatur',
455 2921 512 2986 ubi
528 2922 603 2986 vide
618 2944 702 3007 quae
718 2932 937 3008 exposuerunt
953 2922 1138 2988 Beneckius
1155 2932 1187 2985 11
1201 2921 1438 3006 Fittbogenius.
1472 2923 1527 3007 qui

131 3028 182 3111 24,
195 3029 226 3109 4,
241 3029 257 3091 1
274 3027 392 3112 legitur
406 3027 581 3092 ablativus:
600 3026 696 3091 ‘Galli
707 3027 895 3091 abundante
908 3027 1123 3109 multitudine,
1140 3048 1213 3090 cum
1227 3047 1282 3090 eos
1294 3049 1358 3090 non
1372 3034 1528 3110 caperent

130 3143 245 3215 terrae,
266 3153 349 3218 quae
368 3141 556 3217 genuerant,
579 3130 661 3196 000
676 3131 763 3195 milia
778 3130 963 3196 hominum.
979 3182 984 3195 .
1000 3181 1006 3194 .
1020 3131 1110 3196 velut
1125 3153 1182 3194 ver
1198 3151 1327 3194 sacrum
1347 3130 1526 3212 miserunt',
1608 3208 1610 3228 Ι

130 3259 189 3323 pro
204 3237 345 3302 ablativo
362 3237 507 3303 absoluto
522 3236 692 3303 habendus
708 3259 777 3302 esse
795 3238 932 3301 videtur.
965 3258 1038 3300 cum
1053 3238 1151 3321 igitur
1166 3236 1210 3299 ad
1230 3233 1479 3319 significandam
1495 3244 1528 3299 et

130 3343 315 3407 interiorem
333 3351 364 3406 et
380 3344 572 3406 exteriorem
589 3364 720 3407 oausam
735 3341 821 3406 idem
836 3351 1011 3428 usurpetur
1022 3340 1193 3422 ablativus,
1211 3339 1289 3425 quid
1301 3340 1426 3419 mirum,
1439 3339 1527 3423 quod

132 3449 229 3511 etiam
252 3446 387 3511 alteram
412 3469 486 3511 cum
509 3447 609 3512 altera
633 3449 839 3511 coniunctam
861 3445 1003 3510 ablativo
1030 3467 1218 3530 expressam
1242 3442 1524 3529 deprehendimus,

129 3550 220 3629 velut
242 3551 291 3634 17,
308 3551 338 3628 2,
356 3550 375 3615 8
397 3554 442 3615 ‘ut
455 3602 462 3615 .
477 3603 483 3615 .
499 3603 504 3616 .
518 3551 596 3616 nihil
615 3551 661 3615 illi
684 3550 789 3615 moliri
808 3550 861 3616 vel
883 3551 1081 3614 verecundia
1103 3550 1213 3614 matris
1236 3549 1289 3612 vel
1312 3547 1527 3634 appellatione

131 3656 230 3740 patris
248 3655 424 3741 audereut',
445 3678 541 3741 quem
561 3678 654 3721 usum
675 3658 771 3719 etiam
792 3655 881 3740 apud
897 3654 1027 3718 Livium
1043 3663 1076 3718 et
1091 3654 1241 3717 Tacitum
1261 3654 1400 3716 inveniri
1420 3674 1527 3718 exem·

130 3759 192 3845 plis
208 3759 325 3824 adlatis
341 3760 376 3826 0.
391 3760 429 3825 L.
443 3761 579 3826 Rothius
596 3761 764 3825 confirmat
779 3759 823 3824 ad
839 3759 916 3823 Tac,
927 3758 1070 3843 Agricol.
1088 3779 1119 3842 p.
1135 3756 1205 3820 172.
1292 3806 1295 3813 ,

234 3863 289 3928 Ad
307 3864 368 3930 hoc
389 3875 487 3952 caput
506 3888 601 3951 porro
621 3863 948 3950 pertinent'ablativi,
970 3865 1024 3947 qui
1044 3861 1154 3926 verbis
1176 3871 1208 3924 et
1226 3860 1395 3925 adiectivis
1415 3861 1528 3926 adiun·
1608 3899 1610 3950 {

130 3978 259 4054 guntur,
281 3991 364 4055 quae
385 3970 453 4033 sive
473 3971 571 4035 animi
587 3971 654 4033 sive
672 3969 815 4053 corporis
830 3967 977 4030 habitum
993 3965 1184 4051 significant.
1216 3964 1273 4028 sed
1288 3986 1351 4029 non
1367 3966 1412 4029 ita
1426 3963 1529 4028 multa

130 4072 191 4138 hac
205 4075 239 4137 in
253 4095 289 4137 re
301 4073 436 4160 praebet
447 4073 597 4155 Iustinus,
614 4095 696 4158 quae
712 4071 858 4158 pluribus
870 4071 980 4135 verbis
992 4091 1234 4156 persequamur.
1260 4091 1398 4155 namque
1411 4068 1528 4133 eadem
1608 4124 1610 4145 ,

131 4178 199 4242 1111
216 4177 318 4243 verba
334 4201 407 4243 cum
423 4178 565 4244 ablativo
580 4179 753 4261 coniungit,
775 4197 858 4262 quae
873 4177 1013 4261 optimae
1030 4175 1143 4238 aetatis
1159 4175 1333 4258 scriptores
1345 4172 1422 4236 huic
1437 4176 1528 4236 casui

131 4281 361 4369 adposuerunt:
390 4280 522 4346 ‘ardere’
545 4282 589 4368 (8,
609 4282 640 4363 4,
661 4282 681 4346 5
705 4285 804 4344 ‘tanto
821 4280 894 4344 odio
910 4279 1126 4343 Phocensium
1144 4276 1332 4363 ardentes’),
1350 4276 1525 4340 ‘delectari'

132 4386 247 4473 (praef.
263 4387 306 4471 1),
321 4386 502 4451 ‘exsultare'
514 4387 558 4473 (1,
572 4387 601 4468 8,
615 4387 649 4466 9,
666 4385 714 4470 12,
724 4386 754 4467 6,
766 4386 800 4466 4,
814 4384 866 4464 24,
876 4383 906 4465 5,
921 4384 975 4463 12,
988 4383 1040 4465 28,
1055 4384 1084 4466 3,
1099 4381 1165 4465 14),
1180 4381 1336 4465 ‘flagrare'
1347 4382 1413 4465 (31,
1426 4381 1455 4462 3,
1468 4379 1527 4461 10,

132 4490 277 4576 38,1,1),
292 4490 422 4556 ‘florere'
437 4489 610 4576 (31,1,12,
625 4491 674 4572 18,
685 4491 714 4571 6,
729 4490 761 4570 1,
775 4487 827 4569 28,
840 4488 871 4572 2,
886 4489 940 4570 12,
952 4487 1005 4572 43,
1014 4487 1044 4570 5,
1053 4486 1099 4572 4),
1110 4485 1274 4571 ‘gaudere’
1288 4484 1354 4572 (13,
1365 4486 1394 4563 3,
1406 4484 1458 4567 10,
1473 4482 1528 4564 18,

132 4597 163 4679 5,
173 4593 208 4676 8,
224 4596 274 4679 19,
283 4596 312 4678 3,
322 4594 367 4680 4),
381 4594 529 4679 ‘gloriari’
540 4595 584 4682 (2,
594 4596 624 4678 6,
635 4595 669 4680 3,
683 4593 816 4676 19,3,4,
829 4593 921 4676 30,4,
934 4591 998 4679 15),
1012 4591 1177 4657 ‘laborare'
1189 4591 1232 4677 (4,
1242 4592 1272 4673 3,
1284 4591 1316 4673 1,
1331 4586 1527 4673 16,3,4,18,
