3225 5092
128 225 189 294 158

229 423 283 486 Ex
298 419 495 486 orationibus
505 417 685 484 Andocidis
698 429 849 504 quattuor
865 419 933 484 eius
949 422 1077 504 generis
1093 421 1179 486 locos
1196 419 1312 506 collegi
1326 421 1424 506 Π15,
1440 422 1458 485 I
1472 422 1524 499 57,

128 527 206 610 117,
228 526 376 612 111<21>3
401 525 443 589 de
463 525 575 588 ultimo
595 523 666 587 loco
687 525 752 588 iam
772 546 871 608 supra
895 524 1141 610 disputavimus.
1169 534 1306 611 utroque
1327 536 1436 591 autem
1455 526 1525 592 loco

126 633 277 696 orationis
293 632 416 716 primae
432 628 597 694 antecedit
611 630 825 714 imperativus
838 631 903 710 φέρε
915 631 959 711 δή,
977 632 1123 713 sequitur
1133 632 1342 714 interrogatio
1354 631 1524 715 rhetorica,

126 758 224 822 quam
249 758 307 799 our
326 737 529 822 proposuerit
550 744 671 818 orator,
694 732 924 797 interclusione
948 734 1160 817 significatur.
1192 736 1250 801 sed
1270 735 1311 798 de
1331 737 1435 821 primo
1455 735 1526 800 loco

127 841 174 923 (II
191 840 231 903 15
246 841 336 922 κάγὼ,
357 841 470 921 θόρυβος
494 839 548 919 γὰρ
566 841 600 916 δὴ
621 843 740 912 τοιοῦτος
761 839 885 918 ἐγίγνετο
905 846 958 900 τῶν
979 841 1147 922 βουλευτῶν,
1167 840 1215 902 καὶ
1238 843 1333 918 ἐπειδὴ
1358 843 1526 922 ἐγίγνωσκον

127 947 325 1026 ἀπολούμενος,
339 946 415 1015 εὐθὺς
427 944 574 1025 προσπηδῶ
590 946 657 1023 πρὸς
669 944 717 1019 τὴν
730 941 834 1028 ἑστίαν)
848 943 1007 1030 copiosius
1019 952 1068 1007 cst
1080 944 1253 1028 agendum.
1271 947 1390 1010 etenim
1404 945 1526 1009 Reiske

126 1051 321 1114 Turicenses
337 1048 431 1112 Blass
443 1047 573 1130 Kayser
586 1047 683 1132 (lllus.
701 1047 762 1110 Rh.
779 1046 863 1110 XVI
879 1045 935 1133 80)
951 1049 1007 1128 καί,
1024 1048 1111 1132 quod
1125 1048 1245 1134 legitur
1259 1058 1335 1113 ante
1350 1051 1455 1134 ἐπειδή,
1472 1049 1525 1113 dc-

125 1154 274 1218 leverunt
294 1161 473 1216 statuentes
494 1151 610 1215 vocula
629 1149 684 1215 illa
704 1153 857 1216 orationis
878 1160 1066 1216 contextum
1086 1153 1220 1217 moleste
1241 1153 1440 1240 perturbari;
1464 1175 1526 1216 nec

126 1259 261 1323 dubium
283 1267 339 1333 est,
365 1257 442 1341 quin
462 1278 501 1318 ea
521 1255 696 1340 explicatio
717 1256 793 1319 ferri
813 1278 878 1319 non
894 1258 1009 1340 possit,
1032 1280 1131 1342 quam
1146 1257 1270 1322 Lindcr
1284 1281 1316 1344 p.
1334 1256 1376 1322 75
1390 1257 1467 1322 adn.
1484 1256 1525 1320 76

126 1363 297 1449 protulit.¹)
320 1361 528 1447 nequeenim
544 1360 654 1424 verbis
669 1357 717 1422 aul
734 1363 829 1438 ἐπειδή
846 1382 894 1441 ea,
912 1383 1009 1446 quam
1024 1361 1077 1425 ille
1093 1361 1172 1440 vult,
1191 1361 1302 1425 subest
1317 1364 1403 1425 notio
1418 1383 1525 1447 neque

127 1466 290 1531 Andocidi
314 1488 412 1530 causa
435 1465 550 1530 aderat
573 1467 739 1529 enuntiato
763 1467 858 1542 ἐπειδὴ
883 1466 1049 1546 ἐγίγνωσκον
1077 1468 1279 1547 ἀπολούμενος,
1309 1465 1397 1552 quod
1419 1486 1526 1552 paene

126 1573 208 1638 ultro
226 1595 266 1635 ex
280 1574 444 1635 enuntiato
456 1592 648 1655 praegresso
662 1569 788 1634 eluceat
799 1592 907 1654 neque
918 1572 1091 1655 quicquam
1104 1569 1191 1655 quod
1203 1572 1321 1635 mirum
1334 1572 1374 1634 sit
1387 1569 1525 1649 adferat,

127 1681 194 1742 vim
210 1679 420 1763 praecipuam
435 1675 609 1739 tribuendi.
641 1674 737 1739 nihilo
758 1676 858 1737 setius
879 1677 906 1738 si
926 1697 1001 1739 cum
1015 1675 1078 1739 hoc
1093 1676 1163 1740 loco
1180 1675 1405 1739 contendimus
1420 1674 1524 1739 Thuc.

125 1781 142 1846 I
159 1782 210 1864 72,
229 1782 245 1842 1
262 1789 315 1842 τῶν
332 1783 363 1842 δὲ
380 1782 548 1859 Ἀθηναίων,
567 1782 646 1858 ἔτυχε
665 1781 718 1860 γὰρ
734 1781 866 1859 πρεσβεία
889 1783 1022 1862 πρότερον
1043 1783 1071 1840 ἐν
1091 1789 1124 1864 τῇ
1144 1781 1332 1858 Λακεδαίμονι
1350 1779 1412 1863 περὶ
1428 1782 1526 1842 ἀλλων

125 1893 256 1968 παροῦσα,
268 1886 316 1946 καὶ
329 1888 366 1958 ὡς
377 1888 491 1969 ᾔσθοντο
503 1891 556 1944 τῶν
568 1887 672 1966 λόγων,
690 1881 785 1957 ἔδοξεν
802 1887 902 1964 αὐτοῖς,
915 1905 1013 1968 quem
1025 1882 1132 1948 locum
1145 1885 1216 1969 pari
1228 1883 1324 1948 modo
1337 1886 1442 1947 eiecta
1453 1906 1526 1970 par·

127 1990 226 2054 tioula
237 1993 284 2052 κοί
296 1988 476 2054 sanandum
489 2010 560 2052 csse
573 1987 724 2071 Krueger
735 1987 910 2052 arbitratus
926 1997 984 2066 est,
1001 1998 1033 2051 et
1047 1987 1117 2052 IIII
1131 1988 1202 2074 132,
1219 1988 1249 2070 2,
1266 1988 1374 2052 facere
1386 1989 1443 2051 vix
1455 2008 1527 2074 pos-

127 2118 246 2172 sumus,
269 2096 347 2180 quin
366 2092 419 2157 illo
441 2091 621 2156 Andocidis
641 2091 712 2156 loco
733 2092 927 2177 particulam
943 2115 1121 2157 servemus.
1152 2114 1229 2157 uam
1248 2092 1368 2157 oblitus
1384 2091 1526 2178 quodam

126 2201 222 2266 modo
237 2209 370 2284 propter
387 2199 591 2262 enuntiatum
607 2197 833 2281 interpositum
849 2199 931 2261 initii
945 2197 1069 2283 periodi
1086 2220 1168 2280 eam,
1185 2219 1268 2284 quae
1285 2199 1438 2283 sequitur,
1456 2219 1527 2260 sen-

126 2307 260 2370 tentiam
281 2305 505 2368 coniunctione
525 2304 573 2363 καί
592 2301 746 2365 adnectit.
778 2302 894 2386 quodsi
914 2325 963 2383 ea,
984 2324 1068 2387 quae
1086 2301 1175 2388 apud
1192 2301 1397 2366 Andocidem
1417 2300 1526 2366 obser-

126 2411 290 2490 vavimus,
316 2408 574 2493 complectimur,
599 2409 675 2471 satis
697 2429 769 2470 raro
792 2407 845 2471 ille
871 2407 948 2472 talia
968 2409 1135 2472 enuntiata
1154 2408 1346 2493 interposuit
1365 2405 1527 2471 ac'semel

126 2523 251 2578 tantum
268 2535 403 2598 parvam
420 2513 719 2595 inconsequentiam
735 2512 875 2575 admisit.

229 2618 347 2702 Lysias
356 2636 483 2702 quoque
496 2615 553 2679 hos
565 2615 646 2679 fines
658 2625 812 2699 angustos
825 2617 892 2680 eius
905 2637 981 2679 usus
994 2619 1146 2699 servavit,
1163 2616 1220 2681 sed
1233 2638 1420 2702 numquam,
1438 2613 1526 2702 quod

127 2722 258 2809 quidem
271 2744 331 2806 ego
343 2721 484 2803 videam,
498 2722 554 2802 eis,
567 2742 649 2804 quae
663 2729 735 2806 post
747 2720 1008 2785 interclusionem
1021 2720 1201 2802 collocavit,
1213 2730 1337 2785 rectam
1349 2719 1526 2784 verborum

127 2836 323 2892 structuram
338 2826 483 2891 turbavit
500 2826 530 2911 (I
545 2825 575 2905 9,
591 2824 659 2888 XII
679 2826 726 2903 15,
743 2825 830 2888 ΧΧΙ
845 2825 912 2911 23).
937 2827 1110 2911 scriptores
1125 2835 1234 2889 autem
1246 2827 1433 2912 posterioris
1447 2833 1526 2887 tem-

126 2935 214 3019 poris
226 2933 330 3014 magis
346 2931 515 3016 magisque
532 2929 619 2993 hunc
630 2951 726 2993 usum
746 2931 953 2993 evitaverunt
968 2939 1001 2993 et
1019 2929 1097 2993 talia
1112 2931 1278 2993 enuntiata
1292 2939 1349 2994 aut
1364 2938 1437 3014 post
1451 2950 1526 2992 eam

128 3038 334 3117 sententiam,
351 3037 442 3098 cuius
459 3055 591 3098 oausam
607 3035 787 3117 continent,
809 3035 1015 3098 inseruerunt
1031 3033 1087 3119 (cf.
1105 3032 1192 3097 And.
1208 3032 1260 3096 ΙΠ
1276 3031 1332 3119 29)
1351 3042 1408 3096 aut
1426 3034 1459 3096 in
1479 3033 1525 3095 in-

127 3150 223 3205 eunte
244 3141 410 3204 enuntiato
429 3160 494 3203 non
515 3143 578 3220 γάρ,
600 3137 657 3200 sed
679 3139 738 3198 ἐπεί
757 3137 898 3201 aliamve
926 3136 1020 3201 huius
1041 3138 1169 3221 generis
1191 3139 1451 3201 coniunctionem
1471 3157 1525 3221 po-

127 3256 268 3310 suerunt.
297 3245 319 3307 ii
335 3265 422 3325 vero,
444 3244 498 3326 qui
519 3242 625 3306 minus
642 3263 773 3305 severas
790 3241 921 3305 dicendi
935 3241 1024 3326 leges
1041 3241 1270 3327 sequebantur,
1291 3243 1390 3306 etiam
1409 3243 1441 3304 in
1461 3240 1525 3304 hac

126 3373 161 3413 re
179 3349 435 3433 neglegentiores
451 3355 543 3410 erant
559 3346 658 3432 (Xon.
676 3345 739 3409 An.
755 3345 772 3408 I
787 3345 823 3430 5,
843 3346 897 3427 14,
913 3345 964 3409 ΠΙ
982 3348 1014 3428 1,
1032 3346 1088 3427 24,
1105 3344 1205 3429 Ages.
1220 3345 1255 3408 Π
1272 3345 1322 3427 15,
1338 3345 1419 3411 Plat.
1436 3345 1524 3409 Prot.

127 3454 188 3518 317
206 3454 248 3540 c).

811 3626 841 3689 4,
886 3670 914 3699 4

230 3749 295 3815 Sed
316 3751 381 3813 iam
399 3749 461 3812 loci
482 3747 625 3812 nonnulli
646 3747 724 3812 mihi
747 3747 1020 3812 commemorandi
1040 3755 1130 3829 sunt,
1151 3746 1269 3833 quibus
1285 3748 1435 3811 orationis
1452 3768 1525 3812 con-

126 3864 236 3918 textus
252 3877 317 3918 non
332 3853 427 3917 modo
445 3875 482 3916 eo
499 3853 653 3933 efficitur,
676 3852 762 3936 quod
779 3854 939 3916 sententia
953 3851 1151 3916 antecedens
1167 3850 1350 3937 explicatur
1366 3862 1397 3914 et
1412 3851 1525 3937 ampli-

126 3959 257 4040 ficatur,
282 3958 340 4021 sed
364 3959 460 4022 etiam
485 3956 695 4020 secundum
723 3958 964 4020 enuntiatum
988 3958 1116 4042 priore
1140 3955 1338 4020 indicatur
1361 3965 1398 4018 et
1419 3977 1524 4041 prae-

127 4071 376 4127 monstratur.
407 4071 482 4126 sunt
496 4071 605 4125 autem
621 4060 803 4145 complures
823 4061 1001 4125 locutiones
1018 4068 1191 4146 certaeque
1207 4059 1338 4124 dicendi
1357 4058 1524 4142 formulae,

126 4168 159 4230 in
180 4166 296 4251 quibus
317 4166 377 4230 hoc
397 4166 467 4230 fieri
488 4166 577 4230 solet.
608 4164 695 4249 quod
715 4187 792 4230 vero
809 4188 872 4229 non
887 4167 992 4230 minus
1009 4186 1107 4250 saepe
1122 4186 1220 4251 quam
1234 4164 1394 4250 particula
1408 4169 1462 4247 γάρ
1478 4173 1525 4228 ta-

233 4447 251 4508 1)
267 4445 313 4496 Καί
324 4449 352 4496 ia
364 4443 432 4514 κάγώ
446 4463 482 4508 en,
496 4463 560 4510 quac
571 4453 696 4508 secuntur,
709 4464 765 4496 cam
777 4449 821 4509 eis,
833 4464 898 4510 quae
906 4445 1073 4511 praecedunt,
1085 4448 1221 4512 coniungit,
1237 4445 1267 4495 td
1278 4452 1369 4506 aum,
1386 4443 1454 4509 quod
1466 4451 1526 4496 astte

127 4532 205 4593 ἐπειδή
219 4535 362 4584 οοίἰοοιιινινπ
374 4536 523 4596 invenimus,
536 4535 611 4584 huius
622 4536 703 4598 ipsius
714 4536 780 4584 uocis
792 4531 873 4598 ἐπειδή
885 4533 1066 4599 οὶρπὶβοοπιίιω
1078 4531 1219 4596 afferendae
1230 4550 1309 4583 causa
1321 4539 1471 4596 usurpatur.
1485 4531 1526 4582 καὶ

126 4620 207 4686 ἐπειδή
220 4629 267 4671 est:
281 4637 308 4671 eo
320 4624 376 4686 ipso
388 4628 498 4687 tempore
506 4628 648 4686 postquam.
