3225 5092
770 517 832 584 ΙΠ.

205 640 307 704 Usum
325 640 635 706 confirmativum
650 641 829 727 particulae
844 646 908 722 γάρ,
925 661 1022 726 quem
1037 649 1072 704 tu
1088 641 1221 705 forsitan
1237 641 1326 705 dicas
1340 647 1377 704 ut
1391 641 1497 725 primi-

101 745 202 808 tivum
216 745 318 829 primo
335 743 406 808 loco
418 744 496 808 mihi
512 745 719 810 tractandum
734 745 844 821 fuisse,
860 744 903 808 ad
920 755 1103 810 extremum
1117 747 1294 827 reservavi,
1311 747 1385 830 quia
1401 746 1497 808 omni-

1 935 3 939 Υ
100 845 176 930 bus,
199 851 302 933 quiin
319 869 452 913 censum
472 851 619 932 veniunt,
639 849 717 914 locis
738 848 911 935 diligenter
931 850 1124 913 examinatis
1144 849 1289 914 intellexi
1310 871 1384 913 eum
1402 849 1498 932 longe

101 973 171 1014 esse
183 953 393 1016 rarissimum.
414 955 448 1016 in
459 953 547 1017 nulla
560 962 668 1018 autem
679 978 714 1020 re
725 956 829 1019 maior
841 963 890 1018 est
897 956 1182 1038 grammaticorum
1194 955 1360 1019 dissensio.
1380 954 1498 1018 etenim

100 1054 163 1140 alii,
179 1058 212 1120 in
229 1056 346 1142 quibus
362 1066 410 1121 est
427 1057 647 1142 Sernatinger‚
664 1058 764 1124 ullum
779 1068 911 1144 praeter
927 1057 1091 1124 causalem
1106 1067 1138 1122 et
1153 1059 1387 1145 explicativum
1403 1080 1497 1121 usum

100 1162 238 1225 inveniri
261 1183 393 1245 prorsus
416 1171 551 1246 negant,
576 1184 774 1249 quamquam
794 1163 847 1227 ille
871 1165 940 1247 ipse
961 1165 1077 1227 iamin
1099 1161 1295 1227 carminibus
1315 1162 1497 1226 Homericis

100 1266 264 1329 notionem
278 1263 367 1329 illam
384 1265 580 1351 quibusdam
595 1266 673 1330 loeis
689 1267 790 1331 veluti
805 1270 840 1331 in
856 1269 1029 1332 enuntiatis
1046 1266 1180 1353 optandi
1195 1265 1411 1332 oblitteratam
1426 1288 1497 1330 esse

99 1391 161 1433 nec
178 1369 272 1433 facile
289 1391 382 1455 posse
401 1373 552 1454 cognosci
569 1371 732 1454 concedit,
749 1372 803 1436 alii
818 1395 940 1455 rursus,
957 1394 1092 1457 quorum
1107 1375 1260 1458 princeps
1276 1380 1325 1435 est
1336 1372 1497 1455 Hartung,

3 1553 5 1566 ,
101 1476 154 1538 cui
165 1476 269 1557 magis
281 1477 429 1538 minusve
441 1475 628 1562 adstipulati
640 1485 714 1541 sunt
725 1476 915 1542 Baeumlein
932 1486 964 1540 et
975 1477 1132 1540 Kuehner
1148 1487 1180 1539 et
1194 1479 1335 1541 maxime
1348 1475 1497 1557 Schraut,

102 1577 323 1644 confirmativo
339 1581 412 1655 usui
427 1581 561 1644 nimium
573 1580 766 1645 tribuerunt.
789 1584 874 1645 inter
889 1603 970 1665 quas
987 1583 1161 1645 sententias
1177 1590 1340 1645 extremas
1355 1580 1497 1644 mediam

102 1685 193 1768 quasi
214 1686 300 1748 viam
320 1685 390 1748 iniit
406 1683 551 1772 Gerth.¹)
583 1707 642 1770 ego
662 1708 740 1751 vero
760 1685 850 1750 haud
871 1687 951 1768 scio,
972 1709 1013 1750 au
1029 1688 1135 1770 potius
1155 1685 1248 1749 aliter
1268 1685 1498 1771 explicandum

23 1783 25 1790 ’
101 1789 150 1868 sit,
168 1789 222 1873 qui
237 1789 303 1872 fiat,
321 1799 356 1852 ut
368 1787 563 1872 quibusdam
579 1790 668 1873 locis,
685 1789 801 1874 quibus
819 1792 867 1854 vis
883 1790 1022 1854 causalis
1037 1789 1091 1854 vel
1107 1789 1304 1874 explicatius
1319 1787 1497 1874 particulae

99 1897 153 1973 γάρ
174 1892 261 1956 nullo
281 1903 392 1979 pacto,
413 1895 475 1957 nisi
495 1894 710 1958 audacissime
731 1894 892 1979 quaedam
916 1894 1159 1980 suppleveris,²)
1180 1896 1278 1958 statui
1301 1902 1419 1978 potest,
1443 1898 1497 1975 γάρ

100 2017 188 2059 more
211 1997 360 2061 adverbii
381 1997 610 2079 confirmativi,
631 2008 667 2062 ut
686 1998 831 2081 videtur,
851 2008 1034 2084 usurpetur.
1064 2021 1142 2062 nam
1162 2021 1237 2076 cum
1256 2001 1282 2062 is
1302 2021 1380 2062 usus
1401 1999 1498 2061 etiam

100 2100 250 2164 inferiore
267 2110 372 2166 aetate
389 2104 484 2166 certis
499 2113 597 2188 atque
613 2104 758 2186 angustis
774 2103 894 2168 finibus
909 2103 1172 2187 circumscriptus
1188 2104 1230 2167 sit
1244 2112 1277 2166 et
1291 2103 1364 2185 loci,
1381 2101 1498 2187 quibus

99 2205 288 2288 admittitur,
305 2205 405 2270 veluti
421 2208 690 2291 interrogationes
707 2216 740 2270 et
755 2229 920 2292 responsa,
937 2209 983 2270 ita
999 2209 1063 2271 sint
1078 2209 1266 2291 comparati,
1282 2215 1317 2270 ut
1334 2205 1497 2270 causalem

100 2311 332 2373 sententiarum
345 2331 516 2393 conexum,
534 2313 658 2375 etiarnsi
671 2311 773 2393 adest,
790 2313 899 2376 statim
911 2313 1096 2397 perspicere
1113 2320 1145 2374 et
1159 2316 1212 2392 γάρ
1228 2311 1271 2374 ad
1286 2333 1360 2374 eum
1375 2311 1497 2376 referre

4 2473 6 2478 .
100 2413 234 2478 difficile
251 2417 305 2496 sit,
327 2416 483 2501 suspicari
498 2415 574 2479 licet
590 2437 607 2478 e
623 2415 742 2478 talibus
758 2414 837 2479 locis
853 2414 1032 2479 secundum
1051 2414 1165 2479 falsam
1186 2414 1383 2499 analogiam,
1400 2437 1497 2500 quam

100 2519 226 2601 dicunt,
248 2541 320 2583 eam
340 2519 524 2583 libertatem
542 2527 653 2584 natam
670 2541 754 2602 esse,
776 2529 813 2583 ut
828 2520 988 2605 particula
1003 2525 1057 2601 γάρ
1073 2521 1142 2582 sine
1158 2519 1224 2583 ulla
1240 2519 1442 2584 dubitatione
1459 2522 1496 2583 si-

99 2622 230 2689 milibus
255 2627 353 2689 etiam
377 2624 470 2707 locis,
496 2625 612 2710 quibus
636 2625 743 2689 nullus
770 2624 907 2690 causalis
930 2626 1164 2689 sententiarum
1187 2647 1332 2689 conexus
1353 2626 1496 2709 suberat,

98 2728 319 2793 adhiberetur.
350 2728 415 2792 huc
438 2731 601 2814 pertinent
625 2729 848 2794 tantummodo
869 2731 1036 2793 enuntiata
1059 2729 1207 2816 optandi,
1230 2731 1498 2812 interrogationes

98 2833 285 2914 nonnullae,
306 2855 412 2921 pauca
428 2855 583 2919 responsa
600 2843 631 2897 et
646 2833 870 2915 allocutiones,
893 2833 1033 2919 denique
1049 2835 1229 2918 enuntiata,
1244 2837 1276 2897 in
1293 2834 1409 2918 quibus
1425 2855 1497 2918 par-

2 2921 4 2930 *
97 2937 216 3002 ticulae
237 2941 313 3001 ἀλλὰ
332 2943 386 3021 γάρ
408 2941 597 3003 coniunctae
617 2938 778 3021 leguntur.
812 2938 852 3002 de
873 2937 992 3023 quibus
1015 2937 1164 3002 omnibus
1179 2961 1267 3002 nunc
1288 2960 1423 3022 agemus
1441 2941 1497 3022 ita,

99 3051 134 3122 ut
149 3065 250 3106 unum
266 3043 409 3129 quidque
426 3045 559 3107 seorsim
575 3053 751 3106 tractemus
768 3051 867 3127 atque
887 3044 919 3105 in
942 3041 1140 3125 singulorum
1157 3045 1350 3129 scriptorum
1367 3066 1498 3108 consue-

98 3146 244 3212 tudinem
260 3151 443 3213 accuratius
458 3149 669 3232 inquiramus.

781 3303 810 3365 1.

202 3427 394 3512 Enuntiata,
416 3426 533 3512 quibus
554 3435 686 3514 optata
708 3427 928 3509 continentur,
944 3425 1108 3492 interdum
1122 3429 1281 3513 incipiunt
1295 3450 1315 3491 a
1330 3426 1498 3513 particulis

100 3532 123 3594 εἰ
143 3536 210 3614 γάρ,
232 3554 315 3617 quae
337 3531 467 3596 dicendi
488 3534 569 3596 ratio
591 3552 718 3617 semper
738 3531 771 3594 in
792 3553 853 3593 usu
875 3533 1032 3596 mansisse
1053 3532 1183 3596 videtur
1199 3531 1292 3619 (Her.
1309 3534 1327 3596 I
1342 3532 1393 3610 27,
1410 3533 1496 3596 Xen.

100 3635 177 3722 Oyr.
194 3636 242 3701 VI
260 3637 288 3719 1,
306 3636 357 3718 38,
374 3637 456 3701 Plat.
476 3635 565 3700 Orito
580 3635 677 3721 44d),
700 3637 848 3721 quamvis
863 3658 970 3722 pauca
987 3637 1055 3700 eius
1075 3636 1163 3720 apud
1180 3639 1353 3721 scriptores
1368 3647 1497 3701 exstent

101 3741 260 3827 exempla.
292 3740 356 3805 tale
372 3747 425 3824 γάρ
442 3740 583 3806 Wetzell
598 3741 618 3805 l.
633 3764 656 3804 s.
671 3762 698 3804 c.
713 3763 744 3826 p.
763 3740 802 3803 37
820 3742 1002 3827 repperisse
1020 3741 1080 3804 sibi
1097 3743 1185 3804 visus
1202 3750 1251 3804 est
1262 3741 1339 3804 Ant.
1349 3741 1381 3805 V
1396 3741 1437 3804 36
1453 3742 1496 3806 in.

205 3882 226 3948 ¹)
246 3883 299 3944 Qui
315 3884 343 3930 in
361 3883 486 3932 Bursiani
503 3881 593 3931 annal.
606 3882 656 3931 XV
669 3883 719 3931 273
736 3881 804 3931 haec
821 3883 871 3930 ait:
894 3881 1024 3931 Nieowad
1035 3880 1104 3931 wird
1116 3881 1232 3946 languea,
1251 3854 1312 3932 duas
1322 3900 1383 3932 maa
1395 3882 1443 3943 da,
1459 3897 1498 3931 wo

99 3971 163 4020 oliae
177 3969 308 4020 Komarei
327 3968 368 4020 die
384 3970 484 4020 causale
496 3969 646 4034 Bedeutuuy
663 3969 872 4033 durcbzufdbrea
889 3971 921 4018 ur
935 3998 967 4005 -—
980 3968 1034 4018 aad
1050 3968 1104 4018 dias
1121 3972 1155 4018 iat
1170 3971 1265 4019 ruciam
1276 3969 1381 4019 Aurubt
1391 3969 1458 4018 nacla
1469 3971 1499 4018 iu

101 4057 148 4106 du·
160 4057 296 4107 Mebrzabl
307 4057 353 4107 der
365 4055 533 4121 betreffeadea
546 4057 671 4121 Berapiele
682 4057 787 4121 ordylich
798 4083 840 4119 —,
853 4073 901 4105 voa
913 4059 992 4105 ciuem
1006 4057 1187 4121 Zaritclcpebea
1199 4056 1252 4120 aas
1259 4057 1337 4106 ditm
1350 4056 1442 4120 Stasea
1453 4058 1499 4105 ab·

101 4144 176 4193 schoa
187 4161 263 4194 masa.
284 4143 386 4193 Anam
398 4147 459 4194 aber
468 4145 580 4209 pestaltet
591 4145 644 4193 sich
654 4143 695 4193 die
708 4143 796 4204 Seciae,
809 4160 848 4191 wo
853 4142 915 4207 jeae
927 4142 1079 4208 Bcdiapuaq
1090 4144 1159 4192 aicta
1171 4143 1242 4192 arebr
1253 4143 1355 4208 ardra'fft,
1367 4162 1388 4192 z.
1402 4144 1443 4203 B„
1455 4161 1499 4192 am

100 4230 240 4280 elicoeides
252 4231 365 4281 klarrteu
380 4231 453 4281 Fata
465 4232 674 4290 haeazaheoea,
686 4233 714 4279 ia
728 4229 777 4279 dea
791 4230 888 4294 Fraye-
900 4231 955 4279 aad
970 4231 1172 4289 Waascbsittzea.
1192 4231 1238 4280 Da
1251 4230 1415 4296 Sanatiaqcr
1425 4232 1501 4280 selbot

101 4315 153 4386 γάρ
167 4335 214 4367 aas
226 4315 252 4385 γ’
260 4315 302 4385 ἄρ’
315 4319 464 4368 eatstaadea
475 4321 529 4368 aeia
544 4319 611 4378 lucet,
624 4335 650 4368 eo
662 4318 749 4383 darfle
761 4334 789 4367 er
801 4317 844 4367 die
860 4317 1037 4383 Vemarrtbacp,
1051 4317 1191 4368 desedisse
1205 4318 1360 4384 Mutehaay
1372 4318 1418 4368 der
1431 4318 1501 4368 Par-

101 4405 161 4454 ta'lcel
171 4407 201 4454 a'a
212 4406 335 4456 maachan
347 4404 585 4456 Gebraucbaweisea
597 4406 653 4455 ihre
666 4404 736 4469 Spar
749 4406 916 4455 historiones
929 4405 993 4454 habe
1004 4404 1060 4455 aad
1069 4407 1120 4471 fiir
1133 4405 1175 4456 die
1189 4407 1385 4471 Interpretats‘oa
1401 4423 1432 4456 zu
1444 4422 1503 4456 veru

99 4491 205 4541 wersden
217 4495 260 4554 eei,
273 4494 342 4543 aiclrt
351 4494 503 4558 principiali
514 4493 646 4542 αόωεὶεθη.
860 4478 862 4481 ¹

205 4578 225 4646 ²)
239 4580 326 4640 Quam
342 4580 537 4644 interpretandi
549 4581 681 4630 rationem
697 4595 762 4630 sane
776 4579 948 4630 artificiosam
964 4581 1095 4630 acerrime
1112 4583 1282 4647 impugnavit
1298 4582 1425 4647 Hartung
1442 4581 1467 4632 V
1484 4584 1502 4632 3

100 4667 114 4728 ξ
127 4667 142 4714 2
155 4683 179 4731 p.
194 4668 245 4716 470
258 4683 296 4732 sq.
