3225 5092
117 199 158 262 12

116 398 216 475 atque
240 389 402 473 ‘locuples’
427 399 460 452 81
482 389 619 454 ‘avarus’
645 388 702 474 (X,
726 386 760 472 5)
784 391 818 451 in
845 387 935 452 libris
962 390 1047 452 inter
1070 411 1104 452 se
1125 387 1363 472 excipientibus
1387 398 1514 452 servata

122 516 203 560 esse.
228 494 285 560 sed
308 492 404 580 paulo
426 493 499 580 plus
522 495 618 557 etiam
642 515 690 574 ea,
719 514 816 577 quam
844 492 997 575 indicavi,
1026 493 1151 557 ratione
1179 490 1326 556 adhibita
1353 489 1513 556 enucleari

119 619 213 688 posse
247 599 405 662 existimo.
452 595 576 662 Gellius
604 598 689 660 enim
717 595 862 672 XVIIII,
896 596 952 676 14,
979 596 1001 658 4
1027 618 1062 660 88
1090 619 1129 661 88
1156 616 1239 681 quae
1267 595 1351 661 infra
1379 594 1434 659 ‘ad
1461 595 1511 659 18-

116 701 362 768 monstrandum
379 704 559 788 scripturae
574 701 697 784 Nigidii
713 700 825 784 genus'
841 700 984 787 exempli
1000 702 1105 784 gratia
1120 700 1254 785 protulit
1270 722 1288 763 8
1303 699 1396 783 libro,
1417 722 1514 785 quem

116 806 270 870 fusiorem
293 808 534 891 expositionem,
558 827 622 870 non
645 805 757 886 solum,
781 804 1107 889 111Η81181118121
1133 803 1226 886 11811,
1250 804 1302 868 ‘de
1324 804 1512 880 vocalibus,

117 910 174 975 sed
195 911 322 977 omnino
344 910 385 974 dc
404 909 520 974 litteris
540 911 736 974 continuisse
757 932 800 972 ex
819 909 899 993 ipsis
918 908 1109 992 fragmentis
1130 932 1150 972 a
1164 907 1269 974 Gellio
1289 908 1405 974 adlatis
1425 907 1513 973 intel-

114 1012 242 1097 legitur,
279 1013 375 1099 paulo
406 1023 480 1080 ante
509 1013 626 1098 legisse
655 1013 743 1078 dicit.
797 1036 881 1099 quae
911 1012 1013 1077 verba
1043 1014 1115 1090 nisi,
1146 1023 1252 1095 ntea,
1279 1034 1363 1098 quae
1391 1011 1514 1079 Gellius

115 1116 225 1200 XVII,
248 1118 268 1182 2
289 1117 329 1182 18
346 1118 554 1203 Quadrigarii
573 1117 655 1183 libro
675 1119 700 1183 I.
719 1119 811 1183 dicit:
833 1125 940 1204 ‘quem
960 1118 1081 1182 librum
1100 1117 1238 1200 legimns
1254 1117 1352 1182 biduo
1367 1119 1514 1202 proximo

117 1222 301 1308 superiore’,
322 1223 365 1286 ad
383 1225 532 1288 iteratam
551 1222 723 1287 lectionem
738 1223 909 1308 pertinent,
930 1222 964 1286 id
984 1221 1071 1307 quod
1090 1223 1152 1285 nisi
1173 1231 1262 1286 certa
1277 1223 1346 1285 eius
1361 1223 1409 1286 rei
1423 1243 1514 1304 argu-

116 1335 225 1392 menta
241 1325 374 1409 adsunt,
395 1335 537 1392 statuere
553 1330 611 1391 vix
625 1326 715 1412 licet,
735 1326 856 1391 indicio
878 1336 952 1391 sunt
971 1329 1161 1410 gravissimo
1182 1328 1322 1412 primum
1341 1327 1375 1389 in
1390 1325 1512 1410 Nigidii

117 1452 213 1516 opere
229 1433 396 1496 materiam
411 1453 475 1496 non
491 1431 533 1496 ad
548 1431 680 1518 artcml)
693 1431 861 1496 redactam
872 1430 987 1511 1111888;
1003 1429 1124 1495 1811118
1136 1430 1287 1511 Gellium,
1304 1452 1379 1495 cum
1392 1430 1515 1495 dudum

118 1535 250 1601 ‘Noctes
275 1535 413 1600 Atticas’
427 1535 581 1600 'scribere
605 1537 773 1622 coepisset,
799 1533 990 1619 Nigidianos
1012 1535 1258 1600 commentarios
1280 1534 1397 1619 legisse
1420 1544 1516 1618 atque

116 1639 193 1704 inde
219 1640 381 1725 quaedam
405 1643 607 1726 excerpsisse
630 1649 662 1704 et
684 1662 741 1704 suo
765 1641 855 1725 operi
877 1641 1089 1720 inseruissefl)
1128 1638 1215 1723 quod
1242 1648 1331 1703 recte
1357 1660 1415 1704 nos
1443 1661 1515 1703 con-

106 1743 249 1810 cludere
269 1746 428 1831 adparere
448 1755 525 1832 puto
551 1768 569 1808 e
589 1745 853 1829 fragmentorum,
880 1765 963 1829 qnae
984 1742 1107 1808 Gellius
1128 1745 1282 1828 servavit,
1305 1743 1412 1808 indice
1433 1743 1516 1807 infra

115 1851 229 1934 posito,
252 1870 315 1934 quo
332 1851 426 1916 simul
442 1872 548 1916 meam
565 1851 606 1915 de
622 1849 821 1934 singulorum
836 1848 959 1932 Nigidii
974 1847 1131 1913 librorum
1146 1849 1377 1936 compositione
1392 1858 1515 1911 senten-

115 1955 192 2018 tiam
206 1955 475 2039 comprobaturus
488 1977 567 2020 sum.
591 1977 726 2040 quorum
738 1954 895 2019 librorum
907 1975 1067 2036 numeros,
1081 1952 1137 2017 ubi
1149 1976 1169 2015 a
1181 1952 1286 2019 Gellio
1298 1952 1515 2039 proferimur,

114 2056 160 2121 ibi
179 2058 325 2142 adposui,
347 2062 462 2124 ceteris
478 2059 556 2124 locis
571 2059 728 2124 librorum
749 2059 892 2123 numeris
912 2080 977 2123 11011
997 2057 1163 2123 illustratis
1179 2056 1318 2122 notam?
1340 2057 1516 2142 adscripsi,

114 2162 210 2226 simul
223 2161 311 2227 locos
326 2163 369 2227 81
385 2164 524 2228 eundem
539 2164 661 2247 Nigidii
676 2162 796 2229 librum
811 2162 864 2226 vel
882 2162 924 2226 ad
940 2162 1039 2228 libros
1056 2165 1141 2227 inter
1164 2185 1197 2227 se
1217 2170 1287 2227 arte
1309 2161 1518 2226 cohaerentes

115 2265 303 2330 referendos
325 2269 417 2332 uncis
442 2271 604 2332 coniunxi.

115 2389 386 2472 ENigidiilibro:
432 2393 464 2454 in
482 2389 579 2455 Gellii
594 2390 691 2455 libro:
1031 2397 1272 2472 argumentum:

460 2495 520 2578 HI,
539 2495 579 2558 12
737 2494 778 2558 (18
794 2492 966 2558 8118811118
982 2493 1105 2557 ‘bibax'
1123 2501 1155 2555 et
1170 2491 1351 2556 ‘bibosus’.

238 2553 297 2618 XI'
335 2577 340 2584 ”
441 2598 555 2681 ΠΙΙ,9
736 2598 777 2662 18
793 2597 1011 2660 adiectivisin
1027 2619 1125 2660 -osus
1141 2596 1347 2660 exeuntibus.

427 2703 520 2784 VIII,
539 2703 580 2765 14
736 2702 777 2766 18
788 2710 897 2788 etymo
907 2701 1142 2765 adiectivorum
1149 2701 1271 2764 ‘vanus'
1278 2708 1311 2762 et
1320 2698 1516 2785 ‘stolidus’.3)

412 2807 522 2889 VHII,
542 2807 591 2890 12,
608 2807 628 2870 6
736 2807 776 2871 18
792 2816 901 2892 etymo
917 2805 1069 2870 adiectivi
1086 2804 1252 2870 infestus.

476 2911 519 2995 X,
536 2911 558 2974 4
737 2910 850 2977 ‘verba
868 2932 932 2975 non
952 2911 1058 2997 positu
1078 2911 1218 2993 fortuito,
1243 2910 1301 2974 sed
1322 2908 1463 2994 quadam
1482 2911 1515 2971 vi

779 3023 813 3078 et
827 3015 950 3078 ratione
965 3022 1100 3077 naturae
1115 3013 1202 3077 facta
1217 3012 1309 3076 esse?

122 3125 298 3191 XXVHII.
477 3118 520 3200 X,
536 3117 557 3182 5
736 3118 776 3182 de
789 3117 1142 3203 etymoadiectivorum
1151 3115 1331 3181 ‘avarus'et
1342 3115 1513 3202 ‘locuples'.

476 3223 519 3304 X,
538 3224 588 3306 11,
604 3223 625 3288 2
736 3222 777 3286 18
789 3223 943 3308 primaria
955 3221 1190 3305 significatione
1201 3223 1291 3285 18818
1304 3221 1459 3284 ‘mature'.

216 3333 232 3396 ἶ)
460 3327 520 3409 XI,
539 3328 577 3389 11
736 3327 814 3412 quid
835 3327 964 3392 differat
983 3327 1066 3389 inter
1084 3326 1231 3390 ‘mentiri'
1250 3335 1281 3389 et
1299 3325 1515 3390 ‘mendacium

779 3431 908 3496 dicere'.

426 3534 520 3620 XIII,
537 3536 567 3617 6,
584 3537 604 3599 3
736 3536 888 3600 ‘rusticus
904 3536 940 3599 fit
955 3558 1070 3616 sermo,
1087 3537 1114 3598 si
1129 3535 1275 3620 adspires
1290 3536 1483 3620 perperam‘

150 3601 296 3665 ΧΧΠΠ·
426 3639 520 3720 XIII,
538 3639 579 3704 26
738 3641 779 3705 18
795 3649 935 3705 accentu
950 3650 982 3703 et
998 3639 1236 3724 orthographia.

215 3740 232 3804 ἱ)
425 3743 520 3826 XIII,
539 3744 626 3826 10‚4
736 3747 778 3810 18
794 3755 902 3830 etymo
920 3744 1047 3809 ‘fratris'
1065 3743 1226 3808 vocabuli

216 3845 232 3908 1
446 3848 520 3930 XV,
538 3849 606 3931 3‚4
736 3850 777 3914 de
793 3859 902 3934 etymo
917 3848 1009 3912 verbi
1026 3847 1187 3912 ‘autumo'.

168 3949 296 4014 XXIII.
411 3953 519 4034 XVII,
538 3954 555 4015 7
737 3953 777 4017 de
802 3964 947 4037 tempore
969 3951 1055 4037 quod
1078 3951 1168 4016 ‘esse'
1186 3961 1218 4014 et
1234 3951 1314 4014 ‘erit’
1332 3951 1515 4034 significent

779 4079 854 4121 cum
870 4057 1040 4142 participio
1057 4057 1220 4140 praeteriti
1237 4057 1418 4119 coniuncta.

229 4228 248 4292 ¹)
268 4229 300 4279 In
317 4230 393 4280 8818
406 4229 515 4296 linguae
532 4231 673 4281 elementis
689 4234 773 4296 primo
791 4232 851 4282 loco
868 4237 925 4282 erat
941 4231 1082 4296 agendum,
1100 4231 1171 4296 qnod
1187 4247 1204 4281 a
1220 4231 1328 4296 Nigidio
1344 4247 1398 4280 non
1415 4232 1515 4280 factum

116 4331 181 4378 esse,
195 4332 210 4366 8
221 4316 301 4366 Gellii
314 4318 402 4367 verbis
415 4334 496 4384 supra
505 4322 717 4369 commemoratis
728 4320 856 4384 adparere
866 4319 979 4381 11181111,
992 4334 1053 4368 cum
1063 4318 1167 4368 Gellius
1176 4320 1238 4379 iam,
1247 4323 1392 4383 antequam
1402 4318 1512 4367 XVIIII.

115 4401 212 4455 librum
226 4405 389 4468 conscripsit,
402 4405 503 4470 Nigidii
516 4421 597 4470 opere
610 4423 673 4456 usus
686 4409 726 4456 sit.

222 4489 242 4554 ²)
262 4489 304 4538 De
317 4490 399 4540 Gellii
412 4493 572 4558 excerpendi
585 4509 659 4543 more
670 4495 699 4542 in
711 4493 866 4544 universum
878 4493 911 4542 cf.
923 4494 981 4542 eius
991 4493 1073 4557 praef.
1083 4495 1098 4555 ξ
1110 4495 1133 4541 2.
1147 4494 1177 4541 ll
1190 4509 1248 4557 sqq.

163 4577 164 4580 ’
220 4575 241 4648 ³)
261 4577 299 4626 Of.
314 4578 383 4631 infra
397 4596 421 4647 p.
434 4580 473 4629 18.
