3225 5092
55 89 180 256 „sa

138 406 209 448 esse
219 384 444 470 supplendum.
461 405 536 448 nam
544 385 687 447 Iustinus
695 387 728 447 in
737 384 953 448 locutionibus
965 394 998 448 et
1009 387 1178 448 structuris
1187 407 1250 448 non
1258 384 1379 469 ubique
1388 386 1450 450 sibi
1459 409 1532 449 con-

138 497 208 565 stat,
227 491 323 552 immo
334 490 481 553 varietati
489 490 523 552 in
531 489 669 552 dicendo
679 510 799 572 magno
811 511 908 574 opere
915 488 1072 572 indulget,
1080 488 1115 551 id
1123 489 1210 574 quod
1217 488 1326 553 libello
1334 489 1532 574 procedente

139 596 215 658 satis
232 614 331 678 saepe
347 593 652 656 animadvertemus.
684 603 782 678 atque
805 593 902 658 talem
926 602 1122 657 structuram
1137 595 1171 657 in
1186 617 1247 657 usu
1261 595 1360 659 fuisse
1376 597 1532 658 sermonis

138 697 280 782 vulgaris
300 719 398 782 quam
417 701 558 761 maxime
580 699 734 781 suspicor.
765 699 906 784 primum
928 699 1013 762 enim
1034 698 1067 762 id
1087 698 1203 762 suadet
1218 700 1331 762 similis
1345 722 1423 763 usus
1438 699 1533 762 verbi

139 801 365 887 persuadere,
383 823 479 886 quem
495 804 649 866 sermonis
665 801 809 886 vulgaris
825 804 991 887 proprium
1007 802 1105 866 fuisse
1121 825 1219 888 supra
1231 803 1531 867 demonstravimus.

138 906 256 970 deinde
277 907 303 969 si
323 907 357 969 in
377 907 541 987 sermonis,
564 928 626 992 quo
643 905 759 990 vulgus
775 907 886 990 utitur,
906 913 1024 970 natura
1038 907 1136 970 situm
1151 916 1201 970 est
1215 907 1359 971 studium
1374 909 1534 971 rationem

137 1011 383 1096 grammaticam
406 1010 564 1075 reddendi
592 1009 835 1096 simpliciorem,
859 1009 1034 1075 verborum
1058 1019 1250 1093 structuras,
1279 1021 1436 1096 quantum
1461 1013 1533 1077 fieri

137 1124 253 1200 potest,
270 1113 425 1179 adunam
441 1136 588 1179 normam
603 1114 790 1195 revocandi,
808 1115 1052 1178 transitivorum
1067 1116 1100 1178 in
1116 1117 1245 1199 passivo
1261 1137 1338 1180 usus
1354 1116 1533 1200 personalis

137 1242 201 1284 nou
214 1228 340 1305 poterat
351 1241 415 1282 non
429 1217 568 1301 efficere,
585 1221 665 1282 utin
678 1240 825 1283 sermone
837 1217 965 1303 plebeio
978 1220 1074 1283 etiam
1086 1243 1107 1283 a
1117 1218 1225 1284 verbis
1237 1221 1446 1284 intransitivis
1461 1243 1532 1305 pas-

139 1325 244 1400 sivum
259 1322 429 1409 personale
445 1322 647 1388 formaretur.
675 1323 841 1407 analogiae
857 1324 944 1388 enim
958 1326 1115 1388 rationem
1130 1346 1194 1389 non
1210 1324 1311 1388 solum
1326 1326 1359 1388 in
1375 1347 1414 1388 ea
1429 1347 1534 1408 gram-

138 1429 276 1514 maticae
296 1435 397 1512 parte,
419 1449 502 1511 quae
522 1426 564 1490 ad
581 1427 755 1491 verborum
770 1427 891 1490 formas
911 1429 1060 1512 pertinet,
1081 1430 1204 1492 versari
1225 1429 1282 1492 sed
1297 1431 1395 1493 etiam
1410 1431 1443 1492 in
1460 1452 1534 1513 syn-

138 1533 207 1594 taxi
222 1530 358 1595 multum
374 1531 484 1596 valere
500 1534 558 1595 vix
573 1534 744 1617 quisquam
759 1532 901 1615 negabit.
932 1531 974 1596 ad
989 1531 1072 1596 haec
1087 1541 1196 1596 autem
1211 1543 1403 1617 argumenta
1418 1535 1483 1597 evi
1494 1557 1535 1596 ac

139 1644 255 1700 natura
271 1636 427 1700 sermonis
439 1636 582 1719 vulgaris
595 1635 766 1721 desumpta
780 1635 942 1700 accedunt
954 1657 1002 1717 ea,
1019 1658 1102 1722 quae
1115 1638 1316 1701 extrinsecus
1328 1637 1438 1701 adlata
1450 1648 1535 1719 sunt,

138 1740 210 1804 dico
226 1741 392 1824 passivum
411 1740 505 1804 huius
524 1739 617 1804 verbi
637 1741 851 1826 personaliter
870 1749 1061 1826 usurpatum
1081 1741 1169 1826 apud
1190 1744 1362 1827 scriptores
1378 1740 1534 1828 plebeios,

138 1843 238 1908 veluti
259 1843 345 1930 apud
362 1844 489 1908 vitruv.
506 1843 536 1924 2,
554 1844 583 1924 l,
601 1844 620 1907 3
636 1844 674 1907 R.
697 1843 902 1930 ‘lapidicinae
924 1865 1029 1929 neque
1045 1843 1087 1908 ab
1108 1845 1352 1930 tempestatibus
1368 1867 1474 1930 neque
1491 1847 1533 1910 ab

138 1950 224 2032 ignis
240 1948 444 2013 vehementia
459 1947 625 2011 nocentur'
643 1948 798 2031 etVeget.
812 1948 844 2031 4,
857 1949 878 2011 4
891 1953 942 2012 ‘ne
957 1958 1086 2034 portae.
1098 2000 1104 2011 .
1116 1999 1122 2012 .
1133 1958 1309 2014 noceantur
1323 1950 1365 2014 ab
1382 1951 1534 2034 ignibus',

138 2062 171 2120 et
182 2052 270 2137 apud
282 2052 460 2138 Ulpianum
470 2051 493 2136 ¹)
511 2052 586 2135 Dig.
598 2051 651 2134 43,
667 2051 715 2134 19,
729 2052 759 2136 3,
772 2052 793 2115 2
804 2051 850 2116 Μ.
864 2055 1014 2138 ‘aequum
1028 2075 1093 2117 non
1105 2062 1154 2117 cst
1169 2075 1226 2117 nos
1238 2055 1346 2118 noceri
1358 2055 1430 2138 hoc,
1447 2055 1535 2140 quod

138 2155 295 2220 adversus
318 2178 392 2220 eum
415 2178 479 2220 non
494 2157 613 2236 nocuit,
637 2157 669 2219 in
694 2159 784 2220 cuins
807 2156 914 2221 locum
937 2158 1172 2222 successimus'.
1204 2167 1273 2222 tum
1295 2160 1393 2223 etiam
1416 2159 1535 2243 legitur

138 2262 225 2346 apud
242 2262 414 2346 scriptores
430 2261 644 2346 provinciales
661 2261 761 2325 veluti
777 2261 876 2347 Apul.
893 2262 971 2325 Met.
991 2263 1018 2344 1,
1037 2261 1077 2325 10
1092 2262 1130 2326 Ε.
1148 2263 1241 2347 ‘quae
1258 2285 1331 2327 cum
1344 2264 1481 2329 subinde
1495 2288 1535 2328 ac

138 2366 228 2430 multi
248 2365 495 2449 nocerentur’2)‚
517 2365 615 2449 Greg.
633 2366 709 2429 Tur.
727 2366 768 2429 dc
784 2366 864 2450 glor.
883 2367 966 2430 conf.
986 2389 1013 2430 c.
1030 2366 1071 2429 14
1086 2366 1130 2429 Μ.
1155 2366 1316 2432 ‘sustinuit
1336 2378 1368 2433 ct
1386 2368 1465 2432 nihil
1486 2378 1535 2431 est

139 2471 285 2552 nocitus',
306 2471 340 2533 in
355 2469 511 2555 Cypriani
528 2469 614 2534 Galli
631 2471 773 2535 carmine
789 2480 811 2534 t.
828 2471 889 2552 III,
906 2494 938 2556 p.
955 2471 1030 2554 319,
1046 2493 1077 2533 v.
1095 2470 1156 2534 261
1175 2471 1216 2534 Η.
1234 2474 1328 2536 ‘eruit
1342 2482 1375 2536 et
1389 2473 1533 2536 nocitos'.

138 2577 171 2638 in
186 2575 285 2660 prisci
305 2596 383 2638 vero
404 2576 561 2639 sermonis
581 2575 725 2660 reliquiis
745 2597 852 2661 neque
874 2575 956 2639 haec
977 2596 1084 2661 neque
1105 2576 1213 2640 activa
1232 2575 1327 2640 huius
1346 2575 1439 2640 verbi
1460 2599 1535 2641 cum

137 2680 324 2744 accusativo
337 2687 498 2743 structura
510 2681 678 2764 reperitur.
702 2702 778 2744 nam
793 2700 890 2764 quam
901 2679 1006 2745 Plaut.
1016 2681 1082 2745 mil.
1092 2680 1134 2766 gl.
1146 2681 1227 2744 1411
1242 2679 1336 2745 codd.
1350 2678 1534 2744 CDFXYZ

137 2782 293 2848 exhibent
307 2782 491 2849 lectionem:
510 2785 590 2848 ‘iura
601 2795 633 2847 te
645 2785 829 2848 nociturum
841 2806 905 2848 non
918 2807 989 2848 esse
1003 2784 1164 2849 hominem
1176 2785 1217 2848 de
1229 2783 1291 2848 bac
1302 2807 1338 2848 rc
1349 2785 1533 2866 nemincm',

138 2911 177 2952 ea
199 2887 281 2952 falsa
304 2896 361 2969 est,
385 2910 464 2952 vera
488 2896 596 2966 autem
619 2897 749 2951 servata
771 2889 804 2951 in
829 2888 899 2952 cod.
913 2887 954 2970 A,
979 2889 1013 2951 iu
1037 2911 1100 2974 quo
1124 2887 1206 2953 haec
1229 2897 1335 2954 exstat
1357 2890 1533 2974 scriptura:

138 2990 594 3056 OMINIDEHACRENEM.
614 3013 720 3077 neque
732 2993 836 3075 magis
847 2991 925 3056 ferri
937 3001 1043 3078 potest
1053 2993 1087 3056 id
1100 2992 1184 3078 quod
1197 2993 1336 3057 Phaedr.
1345 2992 1377 3077 4,
1389 2993 1442 3074 20,
1454 2993 1476 3056 4
1489 2994 1533 3057 M.

139 3095 232 3160 codd.
248 3095 307 3159 PR
323 3095 562 3181 suppeditatur:
583 3102 732 3179 ‘namque
752 3105 787 3158 ut
807 3095 972 3177 refectast,
992 3099 1103 3160 nocuit
1122 3096 1286 3161 hominem
1304 3097 1471 3182 protinus',
1496 3121 1535 3161 ac

138 3209 227 3264 recte
243 3200 308 3263 iam
324 3199 479 3264 Pithoeus
500 3199 628 3264 ‘necuit’
650 3200 799 3280 restituit,
821 3199 907 3284 quod
924 3201 1022 3264 etiam
1038 3205 1198 3266 sententia
1213 3201 1275 3266 loci
1291 3200 1534 3287 desideratus)

49 3327 50 3330 ¹
140 3305 312 3369 manifesta
335 3312 443 3368 autem
467 3303 616 3368 codicum
639 3303 703 3367 fide
729 3303 957 3389 comprobatur
981 3315 1143 3370 structura
1170 3309 1298 3370 ‘nocere
1322 3305 1472 3391 aliquem'
1502 3307 1535 3369 in

139 3406 294 3494 Cypriani
311 3409 462 3472 carminis
479 3431 576 3492 supra
592 3410 834 3473 commemorati
849 3431 880 3472 v.
890 3408 955 3473 264
971 3413 1045 3472 ‘non
1061 3410 1203 3495 aliquem
1214 3412 1333 3488 nocuit,
1350 3432 1415 3474 non
1430 3410 1535 3474 aliena

140 3511 282 3596 cupivit’,
299 3510 417 3575 deinde
433 3511 519 3597 apud
536 3512 659 3578 Victor.
672 3512 796 3577 Vitens.
811 3512 841 3595 2,
854 3513 894 3575 37
912 3514 948 3577 P.
966 3514 1112 3598 ‘quorum
1129 3515 1241 3578 feritas
1256 3513 1418 3578 virulenta
1431 3536 1534 3600 usque

140 3616 353 3700 adpraesens
372 3625 500 3701 tempus
521 3615 648 3682 Christo
670 3617 866 3682 defendente
886 3616 1009 3682 nullum
1031 3639 1197 3683 servorum
1217 3619 1288 3682 eius
1310 3620 1459 3683 nocuisse
1481 3619 1533 3682 do-

131 3719 251 3785 cetur'.
283 3742 322 3783 ac
338 3719 595 3804 frequentissime
612 3743 650 3786 ea
666 3721 796 3786 obviam
812 3721 848 3784 fit
862 3724 896 3784 in
911 3721 1001 3786 libris
1018 3722 1135 3786 divinis
1150 3724 1184 3786 in
1195 3723 1349 3787 Latinum
1360 3722 1532 3806 translatis,

63 3848 80 3877 .·
139 3822 226 3888 unde
238 3823 339 3888 multa
352 3824 504 3910 exempla
516 3827 677 3910 congessit
688 3824 889 3889 Roenschius
904 3848 936 3910 p.
949 3826 1023 3890 441.
1040 3826 1090 3890 his
1101 3835 1210 3890 autem
1222 3826 1301 3891 locis
1312 3849 1384 3891 eam
1396 3849 1532 3912 quoque,

245 4053 265 4118 1)
292 4052 382 4103 Etiam
409 4053 547 4102 hominum
573 4055 639 4104 iuris
666 4055 812 4119 peritorum
840 4069 1002 4117 sermonem,
1030 4056 1129 4120 quippe
1156 4057 1203 4120 qui
1231 4055 1259 4104 id
1285 4060 1432 4121 spectaret,
1459 4061 1491 4104 ut
1516 4070 1532 4103 a

140 4140 221 4206 vulgo
248 4139 327 4190 facile
357 4141 546 4206 perciperetur,
577 4140 693 4190 multum
724 4155 757 4189 ex
787 4142 846 4190 eius
870 4141 975 4190 dicendi
1001 4141 1197 4191 consuetudine
1221 4143 1398 4207 adsumpsisse
1423 4157 1531 4191 consen-

141 4233 251 4277 taneum
264 4234 312 4278 est.

245 4313 266 4380 2)
286 4313 330 4364 Sic
343 4327 434 4364 omnes
448 4330 508 4364 mss.
523 4319 549 4364 et
562 4313 620 4364 edd.
633 4318 699 4364 vett.

245 4400 268 4466 ³)
286 4401 388 4450 Eadem
407 4402 549 4452 verborum
568 4401 682 4450 ‘nocere'
706 4405 733 4450 et
752 4401 864 4451 ‘necare'
888 4401 1009 4451 confusio
1033 4404 1196 4468 conspicitur
1213 4401 1326 4452 Tertull.
1346 4403 1448 4453 exhort.
1468 4407 1529 4451 cast.

142 4505 164 4538 c.
180 4489 210 4536 12
225 4487 272 4538 Oe.
285 4488 332 4537 ubi
351 4489 443 4538 codice
456 4487 493 4540 St.
506 4487 642 4554 Agobardi
661 4486 786 4537 traditur:
807 4489 881 4553 ‘puto
894 4488 971 4538 nobis
983 4503 1038 4538 nou
1057 4491 1141 4554 magis
1160 4488 1241 4539 licere
1260 4495 1416 4539 nascentem
1436 4502 1530 4539 nocere

143 4589 221 4642 quam
241 4579 267 4624 et
285 4576 395 4639 uatum',
413 4576 441 4625 in
459 4575 571 4642 reliquis
591 4575 703 4626 ‘necare'
723 4580 862 4626 exaratum
880 4580 929 4625 est.
