3225 5092
30 179 281 290 [32'

138 418 248 482 vertit:
267 415 411 480 ‘deorum
423 413 652 480 immortalium
663 415 890 499 praesentiam,
907 413 1067 478 bonorum
1079 411 1292 498 complurium
1304 415 1534 476 incrementum

139 521 292 586 declarat'
310 520 363 606 (l),
388 541 583 604 quamquam
600 519 652 582 dii
673 519 859 602 ceteroquin
878 540 943 582 non
964 526 1265 598 commemorantur,
1282 526 1314 581 et
1330 538 1372 579 ex
1387 518 1436 602 iis,
1457 538 1535 601 quae

141 649 172 712 p.
191 625 245 704 38,
264 626 302 689 11
322 617 488 709 leguntur,
511 627 637 688 ...bs'ou
653 645 683 684 τε
704 625 813 704 σ’ἰρθονσι
832 623 879 684 καὶ
901 623 1002 703 δωρεαὶ
1021 623 1156 702 ριλότιμοι
1178 621 1222 683 καὶ
1241 621 1346 682 ἱππικοὶ
1367 619 1535 702 ἀγῶνες’..,

140 730 328 814 intellegere
345 728 488 794 debebat
502 750 566 792 non
582 725 623 791 de
650 726 721 809 diis,
744 726 801 790 sed
817 725 859 790 de
875 727 1015 811 ‘egregio
1031 724 1289 811 spectaculorum
1302 723 1537 809 multorumque

139 833 297 899 bonorum
328 833 456 898 eventu'
488 831 646 896 hocloco
672 830 775 896 verba
802 831 882 895 fieri.
921 839 1033 896 eontra
1058 852 1094 893 re
1120 852 1200 895 vera
1226 831 1383 915 antiquae
1409 829 1535 912 originis

30 985 31 990 κ
139 941 276 1024 vestigia
288 937 540 1024 deprehendisse
551 935 630 1000 mihi
645 935 759 1000 videor
773 935 824 999 his
838 935 932 1000 locis:
948 957 981 1021 p.
994 934 1046 1017 61,
1061 934 1115 998 10:
1132 937 1192 996 ‘ida
1207 937 1353 1017 βρσντήσῃ,
1372 935 1412 1008 εἰς
1428 937 1476 995 ἕνα
1490 936 1536 1010 τὴν

30 1063 31 1068 ’
139 1050 245 1107 πάντων
262 1045 374 1122 δδναμιν
390 1045 481 1104 ἐλθεῖν
501 1045 608 1124 φράζει·
627 1036 704 1115 οὗτος
723 1043 754 1102 δὲ
774 1043 849 1102 ἔσται
863 1045 920 1115 τοῖς
940 1045 1095 1122 πράγμασιν
1115 1038 1303 1112 ἀδικώτατος]
1325 1060 1357 1123 p.
1371 1037 1423 1121 69,
1442 1038 1474 1100 l:
1495 1037 1537 1098 ‘ia

146 1151 283 1230 διχονοίας
296 1157 349 1210 τῶν
360 1149 528 1229 κρατούντων
540 1149 555 1206 ὁ
568 1147 657 1224 δῆμος
672 1145 829 1229 περιέσται,’
847 1167 929 1230 quae
945 1145 1066 1209 Hasius
1083 1134 1132 1208 sic
1145 1145 1258 1208 vertit:
1274 1147 1326 1207 ‘ex
1342 1143 1537 1208 dissensione

30 1247 32 1300 Ῑ
141 1250 427 1340 principumplebs
435 1251 580 1336 superior
588 1249 835 1337 erit'3p.'ll,l4:
848 1257 951 1329 ...t-tq
960 1252 1114 1330 συγκλήτου
1123 1249 1332 1333 πολλοὶάθυμίρ
1341 1247 1536 1330 ρθαρήσονιαιέ

143 1362 273 1442 ‘magna
288 1379 364 1443 pars
380 1355 572 1441 amplissimi
587 1353 706 1420 ordinis
722 1375 867 1419 maerore
884 1355 981 1419 animi
999 1354 1245 1437 exstinguetur.²

242 1459 308 1525 Sed
323 1460 502 1542 videamus,
523 1459 640 1545 quibus
662 1458 703 1523 de
720 1460 825 1523 causis
840 1457 1108 1525 Wachsmuthius
1130 1458 1232 1540 hunc,
1254 1459 1309 1543 qui
1328 1455 1448 1540 Nigidii
1468 1477 1537 1518 csse

139 1566 255 1648 fertur,
280 1564 439 1648 libellum,
470 1563 758 1649 vaniloquentiae1)
785 1585 863 1628 sane
886 1563 1031 1648 plenum,
1061 1564 1263 1647 suppositum
1288 1583 1385 1647 quam
1405 1583 1425 1624 a
1444 1561 1538 1646 Lydo

139 1670 193 1734 vel
212 1668 254 1734 ab
271 1670 338 1734 eius
356 1677 487 1734 auctore
507 1668 603 1733 foede
623 1667 850 1754 interpolatum
872 1676 905 1731 et
923 1671 1128 1732 immutatum
1148 1665 1268 1730 habere
1287 1665 1446 1750 maluerit,
1466 1686 1539 1728 oum

144 1773 213 1838 aliis
232 1773 311 1839 locis
333 1773 459 1838 duobus
474 1773 644 1860 Lydianis,
671 1796 698 1837 c.
715 1772 757 1837 45
781 1783 814 1837 et
832 1795 863 1858 p.
883 1771 1135 1857 19,16-20,7,
1155 1770 1348 1854 Nigidianae
1375 1769 1539 1833 doctrinae

140 1879 292 1965 reliquias
313 1879 510 1963 adgnoscere
531 1901 596 1944 non
616 1877 823 1945 dubitaverit.
854 1879 994 1963 primum
1018 1879 1118 1960 igitur
1136 1875 1169 1939 id
1190 1897 1264 1940 enm
1287 1873 1430 1950 offendit,
1454 1873 1539 1958 quod

141 1986 234 2068 ratio,
251 2005 314 2069 qua
329 1983 391 2048 hoc
408 1983 566 2048 ‘diarium'
583 1983 768 2065 instituitur,
784 1984 818 2046 in
833 2003 906 2067 quo,
923 1979 1001 2066 quid
1018 2001 1146 2066 quoque
1162 1978 1214 2044 die
1230 1980 1365 2044 tonitrus
1381 1977 1540 2062 significet

140 2089 296 2171 futurum,
313 2088 484 2170 indicatur,
502 2110 539 2151 eo
555 2089 677 2172 nititur,
700 2087 786 2174 quod
802 2086 899 2150 lunae
915 2084 1114 2150 domicilium
1131 2087 1172 2148 sit
1187 2082 1323 2165 Cancer,
1344 2104 1418 2147 cum
1434 2081 1540 2147 obser-

141 2196 226 2258 vatio
246 2217 265 2256 a
280 2193 384 2270 Iunio,
401 2195 421 2255 i.
435 2214 462 2257 e.
475 2191 517 2256 ab
539 2215 576 2256 eo
595 2212 716 2273 mense,
738 2212 802 2277 quo
824 2188 869 2255 sol
889 2189 1053 2255 Cancrum
1073 2188 1264 2274 ingreditur,
1285 2178 1428 2272 incipiat.
1467 2208 1538 2250 eam

30 2327 32 2330 ·
56 2331 58 2334 ·
141 2300 226 2362 enim
244 2319 313 2362 esse
331 2317 474 2381 causam,
493 2319 550 2361 cur
567 2296 679 2360 Iunius
694 2297 814 2360 mensis
830 2295 934 2380 primo
954 2294 1025 2359 loco
1046 2295 1170 2379 positus
1186 2301 1280 2374 esset,
1301 2314 1375 2375 non,
1396 2290 1481 2376 quod
1501 2303 1539 2354 eo

140 2412 284 2489 tempore
305 2410 417 2465 tonare
438 2401 609 2486 inciperet,
635 2400 669 2464 id
690 2399 775 2484 quod
795 2398 898 2464 voluit
917 2399 1070 2463 Burinius
1091 2395 1209 2483 (Acad.
1224 2397 1282 2460 des
1297 2398 1393 2459 inscr.
1412 2404 1444 2456 et
1463 2393 1538 2458 bell.

30 2563 31 2566 ,
140 2508 235 2588 lettr,
252 2505 378 2592 Compt.
391 2505 481 2569 rend.
498 2505 535 2567 17
539 2504 590 2586 64,
603 2526 635 2589 p.
650 2503 739 2588 197),
756 2524 853 2589 quem
867 2504 1022 2568 Hertzius
1038 2525 1069 2587 p.
1083 2502 1126 2566 33
1142 2509 1272 2565 secutus
1289 2509 1347 2584 est,
1363 2500 1541 2564 rectissime

140 2610 405 2678 Wachsmuthius
426 2611 603 2696 perspexit.
639 2608 724 2672 hanc
743 2631 821 2674 vero
846 2608 887 2672 de
906 2607 1077 2672 domiciliis
1097 2606 1220 2670 zodiaci
1241 2604 1435 2685 doctrinam,
1456 2624 1539 2687 quae

139 2718 369 2801 imperatorum
390 2723 496 2780 aetate
511 2717 651 2779 immane
667 2721 824 2798 quantum
843 2721 1023 2798 propagata
1041 2719 1099 2794 est,
1119 2712 1185 2774 iam
1200 2709 1321 2792 Nigidii
1340 2706 1540 2792 temporibus

141 2822 262 2886 Romae
274 2829 439 2905 receptam
451 2840 599 2882 essenon
611 2818 705 2883 modo
718 2818 868 2902 ignorari,
885 2814 943 2880 sed
954 2817 1024 2878 veri
1036 2837 1106 2878 esse
1119 2813 1365 2878 dissimillimum
1377 2811 1542 2876 contendit

141 2948 172 3011 p.
185 2923 314 2990 XXXI.
343 2923 428 3009 quod
442 2944 500 2987 eur
510 2923 722 3007 contenderit,
738 2923 857 3003 neseio,
870 2942 945 2984 cum
955 2919 1038 2983 haec
1049 2918 1147 2982 fuerit
1158 2919 1293 3003 antiqua
1304 2915 1538 2999 astrologorum

140 3031 232 3112 ratio,
253 3040 289 3093 ut
309 3027 441 3112 singulis
461 3027 599 3112 planetis
620 3037 709 3091 certa
731 3025 891 3112 quaedam
911 3023 1034 3089 zodiaci
1055 3025 1147 3106 signa
1167 3031 1203 3086 ut
1224 3022 1337 3085 domus
1357 3021 1540 3084 tribuerent

143 3141 174 3197 et
190 3143 398 3219 quaererent,
418 3133 452 3196 in
468 3154 531 3218 quo
547 3133 647 3215 signo,
668 3141 776 3196 utrum
792 3133 826 3194 in
842 3151 900 3193 sua
914 3151 956 3193 an
970 3131 1002 3192 in
1018 3128 1123 3192 aliena
1138 3126 1242 3208 domo,
1264 3125 1409 3208 singulae
1430 3133 1540 3186 essent

144 3237 254 3302 stellae
263 3239 420 3302 erraticae
430 3234 646 3323 (cf.Haebler.
654 3234 782 3299 ‘Astrol
792 3232 991 3298 imAlterth.’
1001 3253 1108 3318 progr.
1118 3230 1322 3294 Zwickava.
1331 3227 1540 3312 1879,μ.14),

142 3340 230 3426 apud
249 3343 411 3406 Romanos
433 3350 541 3404 autem
561 3349 682 3426 quanto
702 3361 798 3424 opere
820 3340 885 3402 iam
905 3346 979 3401 ante
998 3334 1122 3420 Nigidii
1143 3343 1282 3398 aetatem
1303 3331 1543 3397 Chaldaeorum

143 3447 314 3532 disciplina
329 3445 484 3531 floruerit,
501 3454 611 3510 notum
629 3447 678 3510 sit.
705 3445 815 3529 itaque
830 3442 1008 3525 Nigidium,
1026 3441 1051 3503 si
1067 3441 1195 3504 omnino
1210 3437 1401 3521 astrologiae
1417 3436 1544 3520 peritus

142 3551 212 3633 fuit,
233 3551 267 3615 id
283 3552 371 3637 quod
392 3558 550 3614 testantur
566 3549 719 3614 Lucanus
735 3547 848 3612 Phars.
866 3546 892 3630 I,
905 3545 969 3609 639
983 3567 1063 3631 sqq,
1080 3543 1179 3608 schol.
1196 3542 1287 3606 adh.
1303 3541 1335 3619 l.,
1352 3541 1440 3606 Suet.
1453 3538 1542 3623 Aug.

143 3677 170 3718 c.
183 3655 235 3739 94,
252 3654 341 3719 Cass.
354 3656 417 3719 Dio
430 3654 608 3735 XXXXV,
623 3654 680 3738 1²),
697 3650 870 3735 Augustin.
884 3651 937 3713 De
954 3651 1015 3712 civ,
1030 3648 1081 3712 dei
1094 3648 1135 3726 V,
1147 3648 1177 3729 3,
1195 3646 1280 3711 hanc
1295 3645 1337 3709 de
1350 3643 1543 3709 ‘domiciliis'

144 3759 323 3824 doctrinam
339 3782 402 3824 non
419 3762 583 3844 ignorasse
599 3757 773 3821 adfirmare
788 3755 872 3819 licet.
904 3753 961 3817 sed
978 3754 1053 3818 huic
1068 3760 1256 3836 argumento
1274 3747 1546 3815 Wachsmuthius

247 4007 267 4072 ¹)
280 4007 321 4056 Ea
332 4005 456 4056 irridetur
467 4007 520 4055 ianr
533 4006 567 4054 ab
580 4020 712 4069 anonymo
725 4005 752 4052 in
766 4003 886 4053 Crameri
897 4000 996 4051 Anecd.
1008 4001 1092 4050 Oxon.
1105 4000 1153 4065 III,
1163 4015 1188 4064 p.
1201 4000 1263 4046 187:
1276 3997 1336 4053 ‘tais
1349 3993 1376 4044 δὲ
1385 3994 1466 4043 Λυδοῦ
1481 4012 1546 4061 μιαν-

30 4103 32 4122 ³
142 4091 225 4156 τεὶαις,
243 4089 269 4151 ἃς
283 4089 369 4150 ἐκεῖνος
388 4090 412 4141 ἕν.
422 4109 446 4143 τε
459 4089 589 4156 Φωντηίσυ
607 4090 675 4157 (cod.
697 4088 811 4152 Φώντυυ,
827 4089 860 4140 cf.
870 4090 943 4138 Diar.
957 4090 1059 4150 antiqu.
1075 4088 1143 4136 stud.
1160 4086 1234 4148 1843,
1248 4102 1273 4150 p.
1284 4082 1346 4147 511)
1362 4079 1403 4131 καὶ
1414 4079 1547 4147 Φιγούλσυ

143 4181 212 4247 (cod.
231 4179 375 4248 Φηγσὺλσυ)
393 4179 492 4230 καὶτοῦ
510 4175 721 4246 μυθολογουμένυυ
738 4177 802 4244 παρὰ
816 4174 947 4242 Ῥωμαίοις
964 4171 1072 4241 Τάγητσς
1091 4172 1236 4241 συναγήοχε,
1254 4167 1288 4237 μὴ
1305 4166 1365 4220 πάνυ
1382 4185 1406 4218 τι
1421 4166 1547 4235 πρόσεχε·

142 4265 301 4335 τεματυλόγσς
318 4263 365 4336 γὰρ
378 4263 391 4317 ὁ
403 4264 463 4334 ἀνὴρ
477 4257 548 4324 οὗτος
561 4265 601 4314 καὶ
612 4262 778 4332 πολυμόρητσς
787 4303 791 4314 .
799 4303 804 4314 .
812 4261 864 4314 ,καὶ
876 4261 898 4312 εἴ
909 4279 936 4329 γε
948 4260 1065 4319 πιστεύεις
1078 4264 1114 4328 τῷ
1127 4259 1199 4327 Λυδῷ
1211 4255 1319 4327 Ἰωάννῃ,
1336 4253 1395 4324 πρὸς
1407 4251 1437 4305 τὰ
1451 4253 1548 4304 ἐκείνου

143 4372 170 4404 σε
182 4353 299 4422 πέμποιμι
312 4352 491 4422 Βροντολόγια.’
539 4345 541 4350 ’
930 4337 934 4344 ’

246 4441 267 4506 ²)
279 4442 369 4492 Verba
382 4443 438 4492 eius
455 4441 607 4492 adscribere
620 4439 714 4489 liceat:
732 4433 827 4505 ιἄριστα
844 4432 891 4505 γὰρ
909 4437 957 4486 τῶν
975 4433 1028 4485 καθ’
1047 4431 1129 4484 ἑαυτὸν
1141 4433 1183 4497 τήν
1195 4449 1220 4482 τε
1232 4433 1274 4482 τοῦ
1287 4429 1364 4482 πόλου
1378 4429 1547 4498 διακόσμησιν

143 4525 183 4577 καὶ
199 4525 254 4587 τους
267 4529 315 4578 τῶν
329 4525 437 4597 ἀστέρων
456 4524 580 4595 διαφοράς,
598 4521 644 4576 ὅσα
660 4542 685 4575 τε
703 4523 756 4574 καθ’
770 4521 869 4582 ἑαυτοὺς
886 4521 1025 4592 γιγνόμενοι
1037 4520 1076 4570 καὶ
1088 4515 1135 4570 ὅσα
1150 4518 1324 4589 συμμιγνύντες
1337 4515 1456 4582 ἀλλήλοις
1474 4514 1501 4565 ἔν
1522 4535 1547 4566 τε

142 4615 193 4674 ταῖς
206 4611 311 4682 ὁμιλίαις
324 4615 363 4665 καὶ
377 4614 400 4666 ἓν
412 4616 464 4674 ταῖς
477 4613 621 4682 διαιρέσεσιν
634 4610 788 4676 ἀποτελοῦσι,
803 4609 909 4679 διέγνω]
