3225 5092
501 486 550 539 De
565 485 679 540 dativo
695 484 875 541 adiectivis
890 484 1056 550 adposito.

178 614 435 682 -Adiectivorum
456 638 624 700 numerus,
651 637 747 702 quae,
771 625 807 680 ut
827 616 1027 700 designetur,
1051 615 1211 701 adquam
1232 639 1404 702 personam
1424 619 1476 682 vel

95 742 154 784 rem
168 722 328 805 pertineat
343 721 478 807 qualitas
499 731 554 786 aut
570 721 724 808 quemad
740 720 838 784 finem
858 729 992 806 spectet,
1014 743 1087 784 cum
1103 721 1212 784 dativo
1229 723 1475 808 coniunguntur,

24 875 25 890 i
95 825 122 886 in
140 825 278 908 eleganti
301 847 448 890 sermone
472 828 617 910 angustis
641 825 792 890 cancellis
818 827 1012 889 continetur:
1036 826 1179 889 Iustinus
1201 848 1279 890 vero
1302 837 1397 891 extra
1419 827 1476 891 hos

95 949 233 1011 egressus
253 951 317 994 non
338 928 440 994 solum
462 952 478 993 e
498 939 665 1016 poetarum
687 951 834 994 sermone
855 928 1019 1014 complura
1039 929 1215 1011 adiectiva,
1239 930 1356 1015 quibus
1377 932 1475 994 ceteri

24 1057 26 1112 ,
95 1035 196 1096 6616116
212 1044 387 1118 argenteae
402 1037 573 1120 scriptores
589 1035 772 1116 utebantur,
788 1036 822 1097 in
838 1057 931 1098 suum
943 1056 1037 1097 usum
1049 1035 1217 1119 convertit,
1235 1034 1400 1099 sedetiam
1411 1057 1476 1099 non

24 1199 25 1220 ,
95 1140 195 1220 paucis
211 1134 381 1204 adiec‘tivis
398 1139 542 1203 dativum
556 1139 733 1224 subiunxit,
750 1159 833 1222 quae
845 1160 939 1201 nemo
955 1138 1023 1201 fere
1036 1139 1227 1222 scriptorum
1241 1161 1315 1202 cum
1330 1139 1385 1203 tali
1398 1162 1475 1203 casu

96 1243 268 1306 consociare
277 1266 374 1307 ausus
384 1251 441 1307 661.
458 1243 573 1329 quodsi
582 1245 710 1327 quaeris
723 1264 785 1328 quo
794 1242 889 1306 modo
902 1241 1115 1327 explicandae
1128 1245 1191 1305 sint
1202 1242 1282 1306 tales
1294 1252 1475 1308 structurae

24 1401 25 1404 ,
95 1346 267 1434 1166161166,
284 1348 356 1412 dico
370 1348 536 1433 analogiae
548 1351 614 1412 vim
626 1351 658 1412 in
671 1351 715 1411 616
729 1351 826 1430 66111,
843 1371 907 1433 qua
919 1347 1043 1411 factum
1055 1357 1113 1432 est,
1129 1354 1165 1410 ut
1180 1345 1352 1430 adiectiva,
1368 1349 1475 1434 qualia

96 1461 159 1514 sunt
174 1454 298 1538 ‘avitus
312 1453 468 1536 diversus,
482 1455 635 1538 inriguus
649 1454 802 1538 poenalia,
817 1452 985 1537 superbus,
997 1452 1105 1536 idem',
1122 1452 1268 1516 dativum
1283 1455 1473 1537 reciperent.

95 1553 177 1619 buius
194 1579 286 1621 casus
302 1557 408 1623 locum
425 1560 456 1621 in
473 1558 633 1623 nonnullis
655 1558 835 1642 adiectiviS,
856 1557 945 1621 velut
961 1559 1121 1640 intentus,
1138 1558 1269 1640 invisus,
1285 1579 1354 1642 par,
1370 1559 1476 1642 proxi·

94 1661 176 1743 mus',
197 1663 294 1726 etiam
314 1665 567 1748 praepositiones
588 1672 758 1748 occupant.
789 1665 854 1726 iam
874 1661 915 1724 ad
937 1661 1063 1744 singula
1078 1661 1242 1724 adiectiva
1258 1661 1476 1725 enumeranda

24 1811 25 1814 1
95 1765 264 1829 veniamus:
286 1768 447 1831 acclinis
467 1769 609 1833 Iustinus
629 1778 797 1852 poetarum
818 1766 968 1849 (Vergilii
984 1765 1094 1830 Ovidii
1110 1764 1165 1850 al.)
1182 1765 1332 1852 exempla
1347 1775 1476 1830 secutus

96 1888 160 1930 6111
175 1869 283 1934 dativo
303 1875 411 1956 posuit
425 1872 477 1957 28,
490 1872 520 1955 4,
534 1873 552 1935 9
570 1872 712 1937 ‘acclinis
728 1872 864 1957 parieti'.
896 1871 1040 1943 amicus
1059 1869 1153 1934 modo
1169 1870 1323 1935 adiectivi
1338 1873 1371 1934 vi
1386 1893 1476 1956 prae·

96 1971 187 2037 ditum
209 1997 283 2040 cum
307 1976 416 2041 dativo
440 1978 657 2060 coniungitur,
680 1977 771 2040 velut
793 1976 822 2053 9,
844 1975 874 2058 2,
896 1975 933 2037 11
957 1976 1089 2037 ‘amicus
1113 1974 1182 2058 ipse
1205 1972 1356 2058 Scythis',
1380 1976 1475 2041 modo

97 2076 277 2143 substantivi
293 2103 426 2144 munere
442 2081 581 2164 fungens
602 2081 755 2144 adsciscit
775 2080 970 2163 genetivum,
992 2077 1081 2141 velut
1096 2079 1125 2159 2,
1138 2078 1168 2160 9,
1182 2079 1201 2141 3
1218 2081 1339 2142 ‘omnes
1354 2065 1476 2145 amicos

95 2184 233 2264 tyranni'.
273 2195 384 2269 aptus
406 2186 431 2248 si
451 2185 538 2249 idem
559 2187 599 2248 sit
619 2194 716 2269 atque
737 2192 882 2248 nostrum
903 2182 1058 2267 ‘pecipnet
1080 2181 1238 2268 tauplicb’,
1260 2182 1402 2268 copulari
1422 2184 1476 2248 ad-

96 2294 174 2349 16161
188 2288 381 2353 Κ161116116
397 2290 440 2374 ΙΙ,
456 2313 487 2374 p.
502 2289 575 2373 232,
592 2289 701 2352 61112
718 2311 791 2352 cum
806 2289 1042 2373 praepositione
1056 2286 1128 2351 ‘ad’.
1155 2287 1241 2372 quod
1257 2298 1476 2373 praeceptum,

97 2392 147 2452 etsi
162 2393 298 2476 quodam
318 2393 412 2458 modo
429 2393 515 2458 valet
535 2395 569 2457 in
590 2415 736 2457 sermone
757 2391 798 2456 ab
820 2394 948 2477 optimis
969 2392 1177 2476 scriptoribus
1197 2401 1359 2476 usurpate,
1380 2393 1475 2477 plane

96 2494 265 2577 neglectum
282 2507 331 2561 cst
346 2498 388 2562 ab
404 2501 519 2564 aetatis
539 2507 712 2583 argenteae
732 2493 952 2581 scriptoribus,
984 2517 1081 2580 quam
1100 2518 1169 2559 1611
1190 2496 1359 2560 confirmat
1379 2498 1476 2562 etiam

97 2596 234 2685 lustinus,
256 2603 310 2687 qui
330 2601 392 2666 1166
412 2603 620 2685 adiectivum,
641 2605 702 2666 nisi
722 2601 756 2665 id
771 2601 917 2665 absolute
933 2609 1077 2686 usurpat,
1096 2622 1169 2664 cum
1186 2598 1295 2664 dativo
1313 2603 1477 2685 coniungit

99 2701 140 2782 11,
154 2703 181 2785 5,
197 2705 217 2768 2
234 2706 312 2791 ‘apti
333 2729 432 2790 regno
456 2707 671 2771 videbantur'.
711 2707 838 2770 avitus
864 2704 891 2787 I,
915 2706 943 2787 1,
963 2704 984 2767 4
1005 2708 1160 2769 ‘veterem
1184 2715 1216 2769 et
1240 2707 1330 2790 quasi
1352 2707 1476 2770 avitum

98 2809 233 2888 gentibus
250 2814 391 2876 morem'.
423 2835 497 2877 nam
518 2815 602 2878 hanc
622 2815 826 2897 scripturam,
848 2813 984 2895 quaein
1005 2810 1152 2875 omnibus
1172 2810 1338 2874 codicibus
1359 2809 1488 2892 exstat,

99 2912 148 2975 nisi
166 2915 250 2998 quod
273 2917 418 2980 nonnulli
438 2941 455 2980 e
476 2920 640 2982 notissima
662 2916 716 2980 illa
736 2925 884 2979 veterum
908 2913 1071 3000 scribendi
1091 2917 1215 2978 ratione
1236 2914 1402 2978 ‘habitum'
1424 2913 1476 2977 vel

100 3015 226 3082 ‘abitum’
247 3020 419 3105 praebent,
442 3021 645 3087 retinendam
669 3043 738 3085 6666
763 3021 921 3084 existimo.
957 3019 1129 3083 Ruehlium
1152 3027 1260 3083 autem
1283 3021 1380 3083 miror
1399 3017 1474 3084 chr.

101 3118 189 3187 Crusii
207 3127 370 3210 recepisse
390 3128 608 3191 coniecturam
629 3125 805 3190 ί16111111.
839 3147 915 3189 nam
935 3147 1066 3210 prorsus
1087 3123 1204 3188 futtilia
1225 3133 1299 3188 sunt
1319 3146 1370 3205 66,
1392 3144 1476 3208 quae

101 3221 215 3292 Orusius
231 3228 433 3314 (Probabilia
450 3232 571 3294 critica.
588 3232 675 3315 Lips.
693 3229 784 3312 1753,
801 3253 833 3315 p.
849 3230 904 3310 111
925 3239 1036 3293 661116
1057 3229 1205 3293 codicum
1220 3228 1391 3293 lectionem
1407 3249 1476 3312 pro-

27 3363 29 3368 ·
101 3328 165 3393 tulit.
195 3337 313 3397 etenim
329 3337 467 3418 primum
483 3335 613 3420 quidem
628 3343 700 3420 post
716 3334 916 3419 praecedens
933 3334 1096 3398 ‘veterem’
1113 3354 1319 3418 nequaquam
1335 3331 1476 3395 absurde

101 3434 241 3501 subicitur
258 3439 411 3521 ‘avitum',
427 3439 461 3503 id
477 3441 562 3524 quod
580 3441 729 3524 opinatur
742 3438 891 3504 Orusius:
908 3441 1004 3503 immo
1020 3438 1054 3503 id
1067 3461 1136 3502 esse
1151 3440 1318 3524 proprium
1330 3459 1370 3500 66
1382 3459 1476 3522 pecu-

101 3534 164 3602 liare
181 3542 307 3624 Iustini,
332 3551 367 3606 11
391 3545 453 3608 duo
477 3544 638 3608 adiectiva
662 3566 845 3628 synonyma
868 3545 951 3607 inter
974 3565 1007 3606 66
1031 3544 1219 3627 coniungat,
1243 3542 1338 3605 facile
1362 3564 1404 3605 ex
1425 3542 1477 3605 his

102 3641 250 3732 intelleges
264 3648 434 3733 exemplis:
448 3649 498 3726 30,
510 3649 540 3731 4,
552 3648 592 3712 15
605 3646 1013 3734 ί61111116116161166161611
1025 3647 1181 3731 gloriam',
1197 3646 1246 3732 18,
1256 3647 1285 3729 7,
1297 3647 1337 3710 10
1346 3649 1477 3712 ‘maesta

102 3767 133 3808 66
145 3747 281 3834 lugentia
298 3754 424 3835 castra',
440 3753 492 3835 29,
505 3753 535 3836 3,
549 3754 568 3816 3
585 3755 784 3825 (6116111666
800 3753 1009 3836 sanguinaria
1024 3751 1130 3834 bella’,
1145 3751 1197 3834 25,
1209 3751 1241 3833 2,
1253 3750 1273 3815 5
1287 3753 1428 3836 ‘integris
1445 3760 1477 3814 et

103 3850 212 3920 11166116
232 3858 458 3940 munimentis',
480 3880 615 3943 quorum
635 3859 778 3922 locorum
798 3856 894 3920 facile
916 3859 1027 3942 augeri
1046 3866 1155 3941 potest
1173 3878 1336 3921 numerus
1371 3877 1476 3940 neque

103 3961 189 4041 magis
209 3962 374 4027 offensioni
396 3972 444 4027 est
460 3964 575 4026 vocula
591 3963 713 4048 ί1111661,
736 3985 818 4047 quae
836 3985 893 4024 cur
909 3961 1077 4046 adiciatur,
1098 3964 1255 4026 rationem
1270 3969 1368 4044 negat
1383 3959 1477 4024 reddi

104 4078 181 4142 posse
196 4066 336 4131 Orusius.
368 4078 401 4131 61
415 4067 507 4148 haec,
529 4089 612 4153 quae
634 4090 706 4131 cum
727 4067 835 4131 multis
855 4067 925 4129 aliis
940 4074 1009 4128 tum
1025 4067 1086 4129 hoc
1102 4066 1171 4130 loco
1187 4067 1274 4130 idem
1288 4065 1375 4129 valet
1390 4064 1477 4150 quod

105 4164 141 4227 ‘ut
158 4170 199 4232 ita
221 4170 347 4253 dicam'‚
372 4194 409 4236 66
432 4173 646 4257 interponitur
669 4172 815 4253 consilio,
842 4180 879 4234 ut
902 4171 1062 4234 indicetur
1084 4174 1246 4236 notionem
1267 4170 1391 4234 ‘avitus’
1413 4193 1477 4234 non

105 4267 194 4359 plane,
213 4277 269 4340 6611
290 4276 398 4363 aliquo
419 4286 543 4342 tantum
564 4277 658 4341 modo
680 4278 864 4348 convenire.
895 4276 1023 4341 accedit
1038 4276 1124 4362 quod
1140 4274 1335 4341 vocabulum
1350 4275 1476 4338 ‘avitus'

27 4369 28 4382 ³
106 4371 132 4436 iu
145 4399 244 4444 eorum
261 4392 310 4447 661
329 4405 472 4466 numero,
494 4404 628 4467 quorum
649 4403 709 4445 usu
724 4381 866 4448 Iustinus
886 4379 983 4446 valde
1003 4381 1198 4463 delectatum
1220 4378 1401 4465 61.2,10,8
1418 4381 1477 4444 ‘ius

107 4481 229 4570 avitum',
250 4487 301 4569 31,
320 4486 349 4568 8,
368 4487 388 4550 3
404 4487 549 4572 ‘regnum
569 4486 713 4569 avitum’,
735 4486 786 4569 31,
804 4485 834 4568 8,
851 4486 873 4548 4
893 4485 987 4550 ‘lares
1007 4487 1096 4549 aviti'
1117 4485 1158 4550 al.
1192 4486 1286 4550 facile
1307 4487 1404 4550 611611
1424 4507 1478 4549 ex·

31 4609 32 4612 ¹
106 4582 202 4664 plicari
217 4600 322 4678 potest
339 4591 466 4657 dativus
481 4592 557 4657 huic
573 4592 734 4656 adiectivo
750 4591 911 4672 adnexus,
932 4613 974 4654 611
993 4590 1142 4675 analogia
1160 4593 1246 4656 enim
1264 4592 1388 4678 positus
1407 4613 1477 4655 6666
