3225 5092
121 423 316 490 emendandi
333 447 463 489 causam
480 446 551 488 esse
567 433 655 488 recte
672 421 822 504 ostendit,
839 431 949 485 tamen
961 420 1116 486 Rueblius
1131 442 1249 485 novam
1266 422 1430 506 proposuit
1446 444 1517 487 con-

1474 229 1606 311 91w

121 532 294 595 iecturam:
312 531 466 614 ‘utrisque
481 527 663 613 primordiis
677 527 819 613 Scythas
835 528 958 610 origine
974 526 1159 612 praestare'.
1187 547 1283 611 quam
1300 527 1518 592 coniecturam
1605 580 1606 585 ,

119 657 184 699 non
204 633 300 718 longe
319 632 473 714 recedere
494 656 513 696 a
533 631 706 697 codicibus*
721 631 860 695 libenter
880 630 1034 713 concedo,
1054 629 1259 695 nihilominus
1280 637 1389 694 tamen
1404 629 1518 695 Iustini

122 740 253 805 dicendi
269 741 398 823 generis
413 739 537 803 ratione
553 737 664 803 habita
681 758 961 821 supervacaneam
980 758 1052 800 esse
1072 736 1231 800 existimo.
1262 756 1367 819 neque
1382 735 1416 800 id
1431 735 1517 820 quod

120 847 153 908 in
174 843 344 909 codicibus
364 847 402 908 Il'l
425 841 627 928 ‘primordiis'
649 851 818 905 exaratum
838 849 896 922 est,
918 839 1046 904 Ruehlii
1068 841 1246 904 sententiae
1265 841 1426 926 praesidio
1446 863 1518 904 esse

120 958 241 1034 potest3
257 969 333 1011 nam
348 969 442 1012 nemo
459 955 508 1011 θεῖ
523 949 578 1032 qui
593 968 658 1010 non
672 945 838 1030 intellegat
852 943 933 1009 illud
945 947 980 1008 ‘s’
994 967 1037 1008 ex
1049 946 1211 1029 sequentis
1223 946 1312 1008 vocis
1328 943 1516 1030 (‘Scythas')

120 1053 229 1117 littera
250 1054 355 1137 prima
374 1051 558 1136 profectum
579 1073 658 1116 esse.
690 1050 732 1115 ad
752 1049 975 1115 illustrandam
991 1039 1085 1135 porro
1102 1049 1186 1113 hanc
1202 1048 1434 1113 abundantiam
1453 1071 1517 1112 ser-

119 1159 224 1222 monis
240 1166 371 1242 praeter
384 1156 471 1220 locos
488 1177 586 1240 supra
602 1155 725 1220 adlatos
742 1157 840 1220 etiam
854 1155 885 1236 2,
900 1154 958 1239 1,1
977 1155 1010 1218 in
1026 1154 1184 1218 auxilium
1201 1154 1309 1217 vocari
1326 1162 1440 1239 potest,
1462 1154 1517 1218 ubi
1605 1200 1606 1203 ,

118 1261 272 1344 legimus:
298 1262 505 1346 ‘principium
527 1260 569 1325 ab
594 1261 716 1344 origine
739 1259 954 1344 repetendum
978 1260 1045 1324 θεῖ’.
1080 1281 1120 1322 ac
1143 1257 1254 1323 similis
1278 1266 1385 1323 exstat
1399 1258 1516 1322 locutio
1605 1328 1606 1331 Ἴ

119 1366 209 1451 apud
231 1364 412 1454 Arnobium
433 1365 508 1430 adv.
525 1374 590 1429 nat.
611 1366 639 1448 1,
657 1364 698 1427 28
720 1368 750 1429 ‘a
769 1366 915 1450 principe
939 1386 1047 1428 rerum
1066 1365 1154 1429 fonte
1178 1373 1266 1428 ortus
1291 1365 1338 1427 sui
1362 1364 1518 1446 originem
1605 1382 1606 1413 2

119 1470 261 1535 ducere'.
294 1469 376 1534 alter
390 1469 490 1551 locus,
512 1473 567 1555 qui
589 1468 732 1534 ciusdem
747 1469 900 1553 loquendi
920 1491 997 1532 usus
1017 1471 1140 1533 ratione
1160 1467 1273 1533 habita
1293 1468 1517 1553 expediendus
1541 1454 1543 1459 ⁸
1605 1460 1606 1465 ¹

119 1597 191 1638 esse
211 1573 291 1638 mihi
312 1573 452 1655 videtur,
478 1573 690 1658 inveniturb,
710 1575 737 1656 1,
758 1576 774 1636 1
797 1572 996 1638 ‘Alcibiades
1017 1572 1135 1638 absens
1155 1573 1293 1637 Athenis
1315 1572 1519 1637 insimulatur
1605 1626 1606 1631 ,

120 1681 278 1763 mysteria
293 1677 419 1742 Cereris
435 1679 598 1743 initiorum
614 1700 707 1742 sacra
721 1677 809 1742 nullo
825 1679 927 1762 magis
944 1700 1041 1762 quam
1056 1678 1182 1742 silentio
1195 1677 1362 1743 sollemnia
1375 1680 1517 1743 enuntia·

119 1783 228 1846 visse’.
257 1781 339 1846 haec
354 1781 457 1846 verba
473 1783 559 1867 quod
576 1804 672 1867 aegre
687 1782 830 1847 tulerunt
843 1782 988 1847 nonnulli
1000 1783 1062 1846 viri
1078 1782 1174 1865 docti,
1189 1805 1393 1868 nequaquam
1409 1785 1516 1848 miror.
1595 1782 1606 1863 ’ς

78 1961 80 1966 ,
118 1910 195 1952 nam
217 1887 363 1972 profecto
384 1909 422 1952 ea
442 1909 540 1972 quam
559 1887 682 1952 habent
700 1886 803 1952 verba
819 1889 984 1972 ‘mysteria
1004 1886 1130 1952 Cereris
1150 1888 1322 1952 initiorum'
1343 1887 1518 1971 tautologia
1605 1898 1606 1955 ἒ

119 1992 233 2057 Iustini
250 1991 424 2056 dictionem
440 1993 600 2075 ignoranti
615 2001 740 2056 tantam
759 1993 861 2056 efficit
881 1992 1135 2074 admirationem,
1155 2001 1192 2056 ut
1206 1992 1301 2056 facile
1322 2014 1421 2056 unum
1441 1993 1517 2056 altc—

118 2117 235 2160 rumve
247 2095 362 2159 horum
377 2095 551 2160 verborum
567 2106 732 2182 tamquam
743 2096 904 2180 glossema
915 2119 933 2161 c
944 2104 1038 2160 textu
1053 2095 1311 2161 submovendum
1327 2098 1516 2184 suspicetur.
1605 2116 1606 2187 j

120 2210 219 2285 atque
231 2203 276 2264 ita
292 2200 439 2264 fecerunt
451 2201 678 2265 Berneokerus
690 2200 837 2265 Faberus
850 2199 1021 2282 Graevius
1039 2203 1093 2287 qui
1107 2200 1278 2286 ‘mysteria'
1292 2200 1345 2264 vel
1353 2197 1518 2287 ‘mysteria

121 2304 261 2370 Cereris'
287 2306 459 2369 eiecerunt.
500 2304 655 2369 Ruehlius
683 2315 790 2371 autem
813 2305 916 2370 verba
939 2307 1104 2391 ‘mysteria
1127 2304 1262 2370 Cereris'
1287 2307 1433 2387 retinuit,
1460 2305 1517 2369 sed

120 2411 297 2474 ‘initiorum
320 2410 422 2473 sacra'
444 2411 534 2473 uncis
555 2409 694 2473 inclusit.
726 2419 760 2474 at
779 2410 895 2474 Iustini
915 2433 975 2474 usu
997 2413 1124 2494 cognito
1146 2432 1251 2474 nonne
1272 2410 1447 2475 violentum
1469 2418 1518 2474 θεῖ

119 2537 138 2578 a
162 2513 254 2579 libris
277 2514 453 2577 recedere?
479 2536 557 2577 num
577 2516 760 2597 iuncturae,
784 2515 896 2600 quales
919 2524 994 2579 sunt
1013 2515 1282 2580 ‘adsentationum
1304 2515 1516 2580 adulationcs'
1605 2564 1606 2593 3

118 2619 173 2683 vel
189 2619 339 2682 ‘tirocinii
354 2617 558 2700 rudimenta’,
574 2620 680 2684 minus
701 2630 776 2684 sunt
791 2618 965 2704 tautologia
984 2618 1142 2685 notabiles
1158 2642 1256 2705 quam
1276 2620 1328 2684 hic
1346 2620 1458 2684 locus?
1486 2628 1518 2684 ct
1605 2636 1606 2639 ’

119 2732 232 2787 tamen
246 2723 304 2787 hos
318 2722 407 2786 locos
422 2745 487 2786 non
504 2726 673 2808 temptavit
685 2723 849 2788 Ruehlius.
878 2746 955 2809 ergo
970 2746 1012 2788 ne
1026 2726 1059 2788 in
1075 2723 1137 2788 illis
1153 2722 1283 2809 quidem
1296 2725 1404 2789 verbis
1421 2726 1517 2789 offen·
1605 2746 1606 2783 3

120 2826 266 2892 dandum
286 2848 356 2890 esse
378 2848 436 2911 ego
457 2836 544 2912 puto.
576 2838 672 2913 atque
693 2828 866 2893 adiuvatur
886 2829 1096 2894 vehementer
1116 2850 1189 2892 mea
1209 2831 1366 2892 sententia
1380 2827 1517 2893 Arnobii

118 2931 200 3014 loco,
219 2953 281 3016 quo
297 2931 393 3016 plane
409 2931 523 2995 eadem
539 2931 641 2996 verba
655 2932 820 3015 leguntur:
837 2933 912 2997 adv.
925 2941 991 2997 nat.
1004 2933 1035 3014 5,
1048 2933 1089 2997 39
1106 2934 1159 2997 ‘ex
1174 2932 1382 3010 sollemnibus
1395 2931 1517 3024 scilicet
1605 2990 1606 2993 ,

119 3036 223 3099 sacris
243 3046 340 3120 atque
360 3035 558 3100 initiorum
579 3036 803 3121 mysteriis'3
829 3036 870 3101 cf.
888 3037 1011 3102 Victor.
1028 3037 1152 3102 Vitens.
1170 3037 1201 3118 2,
1219 3037 1261 3101 68
1283 3039 1409 3102 ‘secreti
1428 3059 1517 3100 aroa-
1605 3038 1606 3041 ’

119 3141 220 3204 num'.
251 3139 540 3224 reprehendendus
557 3163 651 3226 porro
668 3149 716 3204 cst
728 3139 921 3219 Schefferus,
938 3163 1035 3226 quem
1046 3141 1242 3206 vocabulum
1253 3140 1359 3206 ‘nullo’
1373 3140 1515 3206 offendit.
1605 3138 1606 3147 ’

120 3267 196 3308 nam
213 3243 317 3308 forma
332 3254 447 3310 neutra
463 3245 657 3309 substantivi
673 3245 743 3310 loco
760 3247 865 3331 posita
880 3245 1054 3333 (mullum)
1074 3249 1179 3310 rarius
1195 3246 1325 3331 quidem
1340 3247 1374 3309 in
1391 3245 1516 3330 elegan-
1605 3294 1606 3335 3

119 3351 200 3413 tium
217 3350 411 3433 scriptorum
426 3351 568 3414 occurrit
583 3373 740 3435 sermone,
762 3350 819 3415 sed
839 3350 928 3436 apud
944 3353 1138 3436 posteriores
1157 3373 1220 3417 non
1239 3360 1291 3415 θεῖ
1305 3351 1466 3434 inusitata,
1483 3350 1516 3414 id
1605 3404 1606 3407 ε

120 3452 209 3537 quod
225 3454 384 3539 exemplis
401 3477 420 3518 a
435 3452 612 3519 Kuehnero
629 3453 686 3519 Gr.
699 3454 753 3519 lat.
766 3455 792 3533 Ι,
810 3477 841 3540 p.
854 3454 947 3519 41οᾶ
965 3454 1088 3519 collatis
1105 3453 1340 3540 comprobatur.
1371 3457 1405 3519 in
1421 3454 1516 3518 offen·
1605 3452 1606 3491 ³

120 3560 244 3622 sionem
260 3559 400 3644 denique
416 3559 642 3624 nonnullorum
657 3561 791 3625 incurrit
806 3560 924 3624 locutio
941 3560 1097 3645 copiosior
1113 3560 1302 3646 pleniorque
1319 3560 1517 3624 conformata
1605 3602 1606 3643 7

123 3663 173 3745 12,Ι
189 3662 237 3740 15,
255 3662 270 3725 1
289 3663 488 3728 ‘Alexander
503 3665 717 3730 indubitatam
732 3673 868 3729 mortem
881 3666 1022 3729 sentiens
1035 3686 1212 3749 agnoscere
1225 3686 1259 3727 se
1271 3664 1373 3729 fatum
1386 3663 1516 3727 domus

120 3769 306 3831 maiorum
333 3790 482 3838 ¹suorum
509 3769 573 3832 ait'.
616 3790 678 3854 quo
701 3769 771 3834 loco
794 3769 897 3834 verba
921 3769 1045 3833 ‘domus
1072 3771 1229 3833 maiorum
1257 3768 1395 3832 suorum'
1419 3767 1516 3831 solius
1605 3808 1606 3849 3

120 3873 255 3937 rationis
273 3871 401 3956 legibus
421 3895 485 3936 non
501 3872 639 3958 flagitari
659 3875 772 3958 negari
793 3897 857 3939 non
872 3883 986 3959 potest,
1008 3875 1105 3938 immo
1127 3872 1372 3939 concedendum
1392 3881 1441 3934 θεῖ
1460 3882 1517 3935 aut

121 3977 247 4041 ‘domus
263 3975 380 4062 (suae)'
397 3985 452 4042 aut
469 3979 636 4041 ‘maiorum
653 3979 791 4043 suorum'
810 3978 852 4042 ad
871 3979 1122 4063 intellegendam
1143 3979 1335 4042 sententiam
1356 3976 1514 4040 sufficere.

121 4080 179 4146 sed
195 4104 259 4146 non
280 4083 386 4146 minus
407 4081 568 4146 concedes
588 4105 629 4146 ex
649 4085 704 4164 eis,
727 4105 811 4170 quae
830 4083 937 4148 adhuc
959 4084 1122 4170 disputata
1142 4094 1225 4164 sunt,
1247 4082 1440 4167 scripturam
1455 4089 1515 4144 tra·

122 4185 222 4250 ditem
248 4184 362 4250 Iustini
393 4185 618 4250 consuetudini
649 4188 768 4272 optime
800 4189 973 4251 convenire
1004 4186 1139 4272 ideoque
1170 4208 1299 4251 mecum
1329 4185 1516 4271 repudiabis

121 4290 239 4354 Faberi
256 4299 288 4353 et
303 4289 431 4354 Ruehlii
447 4293 649 4373 sententiam,
670 4293 725 4377 qui
745 4291 845 4356 verba
862 4294 1028 4356 ‘maiorum
1048 4292 1188 4356 suorum’
1206 4314 1223 4354 θ
1239 4299 1331 4355 textu
1347 4311 1515 4354 removere
1605 4316 1606 4319 ¹

121 4391 301 4456 voluerunt.
332 4395 409 4458 item
425 4416 667 4479 supervacanea
683 4406 731 4459 cst
747 4394 963 4463 Gutschmidii
979 4395 1164 4461 coniectura
1185 4395 1369 4461 scribentis:
1390 4395 1515 4459 ‘domus

122 4495 341 4562 Aeacidarum
357 4499 410 4579 ait,
427 4521 503 4562 nam
514 4498 685 4585 plerosque
698 4501 791 4565 intra’
804 4500 858 4564 vel
872 4500 995 4564 ‘domus
1008 4499 1227 4564 Aeacidarum
1238 4501 1292 4582 ait,
1309 4522 1385 4563 nam
1396 4499 1514 4586 pleros-

123 4622 184 4686 que
200 4603 356 4666 maicrum
372 4624 502 4668 suorum
517 4604 622 4668 intra’.
1071 4615 1075 4621 '

1604 4616 1607 4704 t
