3225 5092
247 181 330 246 96

251 397 316 438 se
349 383 485 438 tum
516 376 581 438 in
615 376 913 458 pristinos
945 400 1128 461 reges
1159 379 1396 460 fidem',
1429 378 1583 443 ibid.
1613 383 1749 444 ‘sua
1774 381 1839 442 in
1864 380 2003 443 illos
2029 379 2388 463 beneficia',
2422 381 2524 460 20,
2550 381 2611 462 4,
2637 381 2677 442 9
2704 379 3033 463 ‘obsequia

252 482 312 542 iu
364 482 553 542 ‘virus'
601 482 713 562 (ef,
761 481 855 561 13,
889 481 948 562 2,
991 469 1075 544 14
1106 487 1406 546 ‘tutorum
1453 482 1832 568 obsequia'),
1880 484 1982 566 38,
2017 484 2077 567 9,
2119 484 2197 546 10
2240 487 2477 548 ‘mitem
2523 487 2588 547 in
2630 484 3035 548 Demetrium

252 582 697 666 clamentiam',
745 584 841 670 18,
874 586 935 667 4,
973 587 1012 649 9
1048 587 1282 651 ‘odium
1324 589 1390 650 in
1429 589 1690 671 regem'.
1754 590 1951 652 mirus
1994 588 2344 652 admodum
2388 598 2483 652 est
2521 611 2675 652 usus
2713 590 3034 673 praeposi—

248 686 441 750 tinnis,
477 690 661 750 ‘cum'
705 690 796 766 11,
825 689 884 770 9,
909 690 953 752 4
985 689 1292 755 ‘Graecos
1323 701 1612 755 veterum
1647 691 1959 756 bellorum
1999 694 2307 756 memoria
2338 693 2850 777 internecivique
2890 713 3037 754 cum

252 790 461 854 Parsis
505 794 630 854 odii
673 795 1115 877 accendebat',
1156 795 1260 879 29,
1290 797 1344 878 1,
1375 795 1455 858 10
1487 795 1742 881 ‘quibus
1775 794 1952 860 velut
1985 798 2344 861 immortale
2386 797 2604 860 odium
2645 819 2792 860 cum
2824 795 3036 859 Mace-

252 894 417 958 dum]
429 918 489 958 111
521 898 781 978 regibus
811 900 988 963 erat'.

457 1002 617 1066 [Jum
653 1004 990 1086 genetivus
1030 1005 1082 1066 is
1114 1006 1196 1067 sit
1235 1025 1442 1082 casus,
1485 1025 1610 1089 quo
1653 1004 2042 1068 substantivi
2083 1006 2255 1068 notio
2296 1007 2660 1068 accuratius
2694 1004 3039 1068 definiatur

248 1114 316 1166 et
348 1106 927 1190 circumscribatur,
971 1109 1296 1172 adiectiva
1335 1119 1553 1173 autem
1594 1109 1678 1173 ad
1719 1109 1993 1172 eandem
2034 1132 2171 1173 rem
2210 1109 2663 1189 adhibeantur,
2708 1108 2899 1171 facile
2941 1118 3041 1170 est

252 1210 577 1274 intellectu
613 1210 773 1274 haec
804 1233 999 1296 saepe
1032 1234 1298 1276 numero
1330 1215 1615 1296 genetivi
1642 1215 1785 1276 vice
1810 1212 2072 1298 fungi.1)
2130 1215 2527 1297 conspicitur
2548 1223 2762 1277 autem
2794 1212 2899 1276 hic
2931 1212 3039 1274 ad-

248 1314 461 1374 {estivi
497 1314 872 1378 adtributivi
903 1339 1021 1402 pro
1051 1319 1355 1400 genetivo
1386 1341 1560 1400 usuS,
1595 1317 1677 1380 de
1711 1339 1837 1402 quo
1869 1340 2184 1403 perquam
2217 1320 2476 1404 copiose
2508 1319 2640 1400 egit
2666 1316 3041 1382 Wichertus

256 1418 308 1474 4
324 1418 473 1478 rebar
505 1422 621 1482 {ihm
665 1418 987 1483 &ebraudi
1018 1422 1121 1485 des
1152 1406 1621 1510 adjectivi-§chen
1653 1421 1995 1484 Attributes
2026 1445 2110 1485 an
2145 1421 2330 1486 Stella
2361 1423 2466 1485 des
2496 1423 2869 1509 subjectiven
2907 1422 3045 1483 und

252 1522 577 1610 eafff'ssm'nffl
633 1522 914 1588 &suctim
965 1526 1052 1588 im
1093 1525 1534 1590 Lateinische‘n.
1585 1525 1867 1590 Berolini
1912 1525 2119 1605 1875',
2168 1528 2230 1589 in
2280 1527 2559 1608 eleganti
2604 1525 2866 1610 quidem
2912 1547 3043 1588 ser-

252 1650 457 1702 iumne,
493 1630 605 1690 aed
641 1632 926 1710 angustis
960 1632 1485 1715 circumscriptus
1517 1640 1615 1694 est
1646 1633 1959 1711 terminis,
1994 1640 2217 1694 contra
2240 1629 2415 1714 apud
2441 1638 2789 1712 argenteae
2806 1631 3044 1693 aetatis

252 1734 589 1818 avripturcs
625 1734 819 1798 multo
849 1733 1246 1819 frequentior
1287 1744 1383 1797 est
1424 1743 1486 1796 et
1525 1756 2008 1818 nonnumquam
2047 1736 2139 1799 ita
2181 1743 2613 1818 comparatus,
2658 1745 2725 1798 ut
2765 1733 3045 1798 admira-

252 1838 485 1898 tionem
517 1850 790 1902 moveat.
839 1839 1126 1902 Iustinus
1157 1826 1412 1924 quoque
1437 1839 1611 1902 hunc
1637 1861 1826 1903 usum
1851 1838 2262 1923 amplectitur
2285 1861 2363 1902 ac
2395 1837 2668 1924 praebet
2698 1837 3045 1922 quaedam.

252 1966 413 2026 quae
449 1946 1053 2008 summaer-moratione
1087 1944 1284 2028 digna
1322 1954 1487 2008 sunt.
1553 1966 1588 2007 e
1621 1944 1854 2030 quibus
1886 1944 2008 2009 hoc
2039 1944 2176 2008 loco
2217 1967 2295 2008 ea
2326 1954 2677 2008 tractemus
2718 1942 3046 2027 exempla,

256 2046 356 2110 ubi
417 2046 806 2111 adiectivum
859 2070 976 2132 pro
1030 2051 1331 2133 genetivo
1384 2049 1707 2113 obiectivo
1762 2051 2037 2134 positum
2094 2050 2407 2113 videmus.
2494 2071 2571 2111 ac
2634 2047 3048 2111 substantiva

252 2154 529 2234 quitiam,
573 2154 806 2238 quibus
846 2153 1108 2218 additur
1137 2154 1325 2218 huius
1357 2154 1533 2219 modi
1564 2153 1980 2234 adiectivum,
2023 2153 2400 2239 plerumque
2434 2162 2583 2216 sunt
2612 2176 2651 2216 a
2682 2151 2901 2214 verbis
2934 2151 3046 2214 de-

252 2258 457 2318 vivata
501 2266 561 2318 ct
605 2282 737 2322 rum
773 2258 1096 2342 quandam
1140 2257 1525 2341 significant.
1589 2257 1914 2321 adiectiva
1957 2266 2179 2321 contra
2218 2260 2545 2341 pertinent
2584 2257 2669 2322 ad
2710 2277 3042 2341 personaS,

256 2382 396 2422 caru
445 2362 529 2422 ad
569 2386 689 2422 rna.
765 2366 890 2426 iam
932 2362 1224 2426 adferam
1266 2372 1397 2425 tres
1437 2361 1641 2444 locos,
1690 2361 1805 2426 ubi
1851 2361 2256 2426 substantiva
2300 2362 2495 2426 animi
2544 2361 2888 2443 designant
2932 2360 3045 2423 ad-

252 2466 521 2546 fectum,
569 2466 891 2529 adicctiva
928 2469 1163 2552 partim
1208 2490 1247 2530 a
1292 2467 1656 2532 nominibus
1702 2469 1975 2551 propriis
2023 2476 2172 2529 sunt
2215 2465 2441 2547 ducta,
2489 2467 2723 2551 partim
2772 2464 2855 2528 ad
2901 2486 3045 2528 rem

252 2566 589 2634 militarem
621 2570 979 2648 refu-reuda,
1024 2573 1259 2656 partim
1288 2572 1450 2635 alius
1482 2581 1632 2635 sunt
1662 2573 1945 2654 generis:
1989 2570 2092 2651 29,
2121 2570 2180 2653 3,
2210 2570 2244 2632 7
2282 2569 2491 2633 ‘soluti
2531 2580 2708 2634 metu
2742 2569 3046 2633 Macedo-

252 2674 433 2754 niru',
477 2674 581 2754 22,
605 2674 665 2754 2,
693 2674 733 2738 3
769 2674 1092 2760 ‘depositis
1133 2675 1468 2740 hostilibus
1509 2675 1689 2739 odiis'
1726 2675 1836 2761 (cf.
1866 2675 2007 2739 Liv.
2037 2675 2139 2756 35,
2166 2674 2269 2755 30,
2294 2675 2337 2736 4
2370 2673 2600 2737 ‘hostili
2642 2673 2891 2758 metu'),
2935 2674 3044 2755 24,

252 2778 308 2858 ’2,
344 2778 364 2838 1
413 2782 701 2842 ‘extat-nt]
733 2780 924 2844 metu'
952 2779 1065 2862 (cf.
1092 2779 1248 2844 Tac.
1270 2780 1439 2844 Ann.
1466 2780 1525 2863 2,
1552 2780 1639 2843 44
1663 2781 1875 2844 ‘vacui
1906 2789 2176 2842 externo
2209 2777 2454 2863 metu’).
2511 2777 2709 2841 multo
2741 2777 3042 2862 frequen-

252 2886 372 2946 tina
405 2894 749 2946 occurrunt
781 2884 1123 2966 adiectiva,
1157 2906 1322 2969 quae
1353 2908 1392 2949 a
1424 2884 1845 2948 substantivis
1878 2884 2170 2947 derivata
2203 2892 2367 2961 sunt,
2402 2883 2635 2967 quibus
2661 2884 3047 2965 consangui—

254 2990 465 3050 nitatis
493 2990 820 3051 vinculum
845 2990 1248 3072 exprimitur,
1281 2988 1460 3052 velut
1490 2988 1594 3072 27,
1613 2988 1735 3071 3,4
1760 2987 1900 3052 ‘sub
1936 2989 2150 3073 specie
2185 2988 2527 3050 sororiae
2559 2985 2815 3050 ultionis
2839 2986 3045 3049 Asiae

256 3090 581 3174 inhiabat',
621 3094 725 3170 35,
761 3093 818 3174 2,
859 3093 889 3154 1
928 3095 1018 3155 ‘ut
1052 3144 1063 3156 .
1103 3144 1113 3155 .
1153 3144 1163 3155 .
1200 3102 1574 3177 paternae
1611 3092 1837 3157 ultioni
1882 3091 2336 3171 servarentur',
2380 3090 2438 3172 9,
2475 3090 2531 3167 7,
2574 3092 2604 3153 1
2643 3093 2783 3154 ‘nec
2824 3092 3046 3175 ipsum

256 3198 698 3258 *t’UssEstndrllffl
737 3198 1033 3279 ignarum
1073 3206 1443 3283 paternae
1485 3197 1702 3261 caedis
1735 3196 2065 3278 extitisse’,
2106 3197 2204 3276 12,
2230 3197 2290 3280 6,
2317 3198 2356 3261 6
2389 3199 2773 3280 ‘paternas
2812 3192 3046 3259 laudes

256 3314 380 3362 tam
417 3302 725 3362 iracunde
757 3323 822 3364 se
863 3302 1238 3386 accepisse’‚
1277 3301 1376 3382 16,
1407 3303 1462 3382 1,
1488 3301 1558 3384 53
1599 3301 1704 3383 43,
1731 3301 1790 3382 2,
1821 3302 1902 3365 10
1934 3303 2020 3364 ‘in
2052 3302 2359 3365 ultionem
2398 3310 2793 3364 maternae
2834 3300 3041 3363 necis’

252 3406 360 3484 irs.
399 3406 553 3466 Tan,
581 3406 753 3470 Anu,
787 3405 886 3488 14,
924 3405 1009 3469 62
1041 3409 1392 3470 ‘maternae
1433 3408 1612 3469 necis
1655 3407 2014 3491 patrator’).
2080 3428 2387 3490 personas
2433 3427 2622 3491 porro
2672 3405 3047 3487 significant

252 3510 573 3572 auliuctiva
617 3510 709 3574 his
757 3510 936 3573 locis:
981 3510 1083 3592 23,
1109 3509 1170 3587 4,
1197 3510 1236 3573 3
1269 3509 1598 3574 ‘infantilis
1641 3508 1937 3593 (infantis
1977 3510 2060 3592 T)
2104 3509 2439 3587 educatio',
2487 3509 2542 3590 1,
2582 3491 2708 3585 1,'1
2754 3507 3045 3571 ‘ambitio

252 3614 617 3698 pupulas-55².
681 3636 842 3696 raro,
876 3624 946 3678 ut
977 3617 1102 3677 iam
1137 3614 1293 3694 dixi,
1325 3614 1652 3679 adiectiva
1686 3614 2280 3698 deprehenduntur,
2315 3612 2549 3698 quibus
2581 3634 2685 3674 res
2717 3612 3047 3697 quaedam

248 3722 645 3802 designatur,
681 3718 854 3782 velut
887 3720 946 3800 3,
970 3719 1032 3799 4,
1063 3718 1136 3781 17
1175 3720 1514 3803 ‘possessio
1545 3719 1916 3783 Tarentina'
1945 3718 2057 3804 (cf.
2080 3718 2223 3782 Val.
2251 3719 2428 3780 Max.
2455 3717 2515 3800 2,
2545 3717 2603 3798 7,
2628 3718 2671 3779 4
2703 3716 3046 3781 ‘obsidioni

248 3826 737 3910 Liparitamffl']÷
799 3831 866 3886 at
900 3823 998 3904 15,
1030 3825 1084 3906 1,
1112 3823 1151 3886 3
1179 3824 1267 3886 ‘se
1297 3875 1308 3887 .
1340 3875 1352 3887 .
1382 3871 1395 3885 .
1423 3823 1590 3887 velle
1619 3874 1631 3886 .
1661 3874 1673 3886 .
1705 3873 1717 3886 .
1744 3823 1947 3886 filium
1991 3844 2136 3885 cum
2175 3831 2379 3886 matre
2413 3820 2746 3884 obsidione
2773 3821 3047 3906 Amphi-

252 3930 533 4010 politana
581 3927 872 3990 liberare'
922 3927 1050 3990 huc
1097 3927 1326 3991 referri
1376 3951 1505 3992 non
1553 3926 1693 3990 vult
1731 3926 2107 3991 Wichertus
2158 3949 2218 4011 p.
2261 3926 2373 4005 48,
2429 3925 2599 4010 quod
2646 3925 3047 3990 adiectivum

252 4031 816 4118 {Amphipolitana'
846 4052 1104 4096 sensum
1135 4031 1333 4095 habet
1355 4031 1830 4095 adverbialem:
1867 4031 2009 4093 ‘Die
2044 4029 2593 4116 Gesanqenschaft,
2627 4029 2835 4092 welche
2851 4034 3047 4116 jener

248 4158 324 4198 au
360 4138 641 4222 Amph-ijo.
685 4136 817 4200 siff.
881 4137 1010 4199 iam
1049 4134 1136 4200 ad
1178 4158 1255 4200 ea
1293 4136 1535 4200 accedo
1576 4136 1902 4221 exempla,
1945 4137 2011 4200 in
2052 4137 2287 4220 quibus
2327 4135 2721 4198 adiectivum
2753 4133 3047 4198 adtribu-

248 4242 453 4302 tivum
485 4242 569 4302 ad
601 4242 922 4304 abiuntum
955 4243 1259 4305 remotius
1292 4251 1390 4305 est
1417 4241 1878 4306 revocandum.
1933 4243 2172 4305 etenim
2206 4243 2370 4304 sicut
2400 4241 2773 4322 genetivum
2807 4241 2899 4303 eis
2931 4239 3046 4302 ad-

252 4346 429 4426 iungi
461 4346 753 4410 videmus
785 4345 1220 4421 substantivis,
1255 4367 1421 4430 quae
1444 4345 1529 4409 ab
1555 4346 1895 4411 adiectivis
1921 4345 2141 4409 dativo
2166 4345 2399 4408 iunctis
2425 4342 2843 4407 denominata
2870 4353 3045 4426 sunt,

461 4578 497 4638 ¹]
521 4574 658 4634 Quid
685 4574 889 4622 intersit
920 4574 1061 4623 inter
1085 4574 1180 4624 has
1213 4573 1346 4622 duas
1369 4572 1759 4623 adtributorum
1784 4574 1994 4636 formaS‚
2021 4574 2225 4623 indicat
2243 4572 2566 4622 Kuehnerus
2592 4571 2681 4622 Gr.
2702 4572 2798 4620 lat.
2822 4571 2876 4620 11
2902 4575 2930 4632 ξ
2952 4573 3039 4620 55.
