3225 5092
779 639 926 748 ,PAR

848 883 874 946 1.

265 1040 396 1105 Initium
412 1040 571 1104 faciamus
587 1063 606 1104 a
627 1040 774 1104 causali
789 1038 1007 1126 particulae
1021 1045 1083 1122 γόρ
1099 1061 1182 1113 υοιι,
1200 1043 1320 1125 quippe
1336 1042 1392 1126 qui
1407 1041 1557 1128 frequen-

160 1146 304 1210 tissimus
324 1146 365 1209 sit
386 1154 418 1208 et
438 1147 503 1208 iam
519 1145 719 1230 temporibus
739 1145 971 1229 antiquissimis
990 1146 1183 1209 inveniatur.
1215 1168 1253 1209 ac
1269 1147 1410 1230 primum
1426 1145 1558 1232 quidem

160 1248 351 1335 complures,
373 1249 490 1335 quibus
510 1249 589 1314 illud
605 1247 659 1332 γάρ
675 1248 805 1314 causale
820 1249 947 1332 legitur,
969 1248 1057 1313 locos
1072 1248 1279 1314 Andocideos
1294 1258 1481 1333 tractemus,
1502 1254 1558 1337 qui

158 1365 215 1420 aut
230 1355 456 1420 emendatione
472 1364 528 1419 aut
544 1355 759 1440 explicatione
775 1375 871 1437 egere
887 1354 966 1418 mihi
981 1353 1143 1418 videntur.

232 1498 233 1501 =
261 1447 418 1544 Magnum
442 1461 700 1524 coniecturarum
724 1467 888 1524 certamen
911 1461 1089 1522 excitatum
1112 1466 1161 1522 est
1180 1457 1267 1523 And.
1284 1458 1301 1523 I
1321 1458 1363 1522 29
1385 1460 1431 1520 καὶ
1454 1463 1507 1542 γὰρ
1531 1463 1556 1522 οἱ

155 1567 235 1645 λόγοι
246 1572 299 1626 τῶν
315 1568 475 1646 κατηγόρων
492 1570 575 1626 ταῦτα
590 1567 622 1626 τὰ
639 1566 714 1626 θεινόι
730 1565 777 1626 καὶ
792 1565 913 1645 φρικώδη
926 1565 1090 1646 ἀνωρθίαζον
1105 1563 1152 1624 uui
1168 1566 1270 1643 λόγους
1286 1558 1371 1647 εἷπον,
1387 1567 1419 1627 in
1436 1564 1554 1650 quibus

155 1668 266 1735 verbis
287 1669 387 1734 multa
402 1668 587 1733 hominibus
608 1667 711 1732 doctis
732 1665 1008 1752 displicuerunt1)
1039 1666 1117 1730 mihi
1137 1689 1224 1749 vero,
1248 1689 1323 1731 cum
1342 1667 1432 1752 apud
1447 1667 1555 1732 Ando-

156 1773 263 1839 cidem
284 1776 412 1859 saepius
432 1773 536 1838 verba
555 1795 657 1859 parvo
679 1774 781 1858 spatio
802 1774 969 1836 interiecto
989 1774 1105 1836 iterum
1126 1782 1288 1858 ponantur
1308 1771 1339 1860 (I
1361 1772 1421 1836 107
1442 1779 1555 1852 γνόντες

155 1885 208 1939 τῶν
229 1887 369 1961 ουμρορῶν
389 1885 441 1940 τῶν
464 1881 593 1940 ἐπιουσῶν
608 1881 638 1939 τό
656 1881 774 1958 μέγεθος
793 1916 832 1924 -
850 1881 973 1955 ἔγνωσαν
988 1880 1050 1951 τοθς
1069 1901 1098 1938 τε
1115 1880 1262 1959 φεύγοντας
1283 1877 1485 1952 καταδέξασθαι
1496 1877 1553 1963 -)

155 1991 187 2045 et
202 1981 290 2068 apud
299 1982 443 2047 Graecos
456 2003 646 2046 concessum
659 1983 708 2058 sit,
723 1992 758 2044 ut
774 1981 956 2055 subiectum
973 1983 1129 2045 enuntiati
1143 1983 1328 2066 posterioris
1344 2004 1387 2046 ex
1403 2003 1481 2046 casu
1501 1982 1553 2046 ob-

153 2086 239 2171 liquo
255 2085 748 2172 prioris1·epetatur(And.I4b,
763 2086 813 2149 ΙΙΙ
828 2085 877 2167 12,
893 2085 970 2149 Ant.
980 2086 1011 2149 V
1022 2085 1074 2163 48,
1087 2086 1226 2151 IsaeVI
1238 2087 1283 2172 ὃ),
1298 2109 1364 2150 una
1379 2086 1554 2151 difficultas

153 2200 244 2256 tanta
261 2213 329 2255 esse
346 2191 484 2274 videtur,
501 2201 538 2255 ut
554 2190 702 2255 codicum
717 2190 888 2254 lectionem
906 2213 979 2254 cum
995 2189 1147 2268 Lindero,
1164 2191 1205 2255 de
1221 2213 1328 2256 rerum
1344 2191 1553 2280 dispositione

153 2296 240 2381 apud
257 2295 334 2360 Ant.
353 2305 384 2359 et
399 2295 486 2360 And.
504 2318 535 2381 p.
550 2295 601 2380 68,
623 2296 697 2360 adn.
711 2293 752 2359 58
773 2298 857 2360 tueri
877 2319 940 2360 non
962 2298 1090 2381 possim.
1122 2318 1198 2360 nam
1218 2296 1325 2360 obstat
1345 2297 1433 2361 haud
1454 2296 1553 2362 dubie

151 2399 416 2485 Harpocrationis
440 2402 673 2484 interpretatiO,
695 2401 866 2484 quominus
885 2403 965 2479 λόγοι
986 2400 1167 2465 subiectum
1183 2400 1276 2464 verbi
1297 2403 1460 2483 ἀνωρθίαζον
1481 2424 1552 2467 esse

151 2514 341 2569 statuamus.
373 2514 470 2590 atque
490 2505 585 2590 liuius
601 2505 775 2568 testimonii
791 2506 943 2587 gravitati
964 2505 1061 2569 etiam
1077 2503 1171 2568 Blass
1188 2506 1293 2587 cessit,
1315 2508 1369 2590 qui
1390 2511 1416 2568 οἳ
1435 2517 1508 2592 post
1528 2511 1553 2570 οἱ

151 2611 232 2689 λόγοι
251 2618 305 2671 τῶν
325 2615 486 2691 κατηγόρων
506 2610 652 2685 inseruit,
678 2630 743 2694 qua
768 2611 954 2672 coniectura
973 2608 1083 2673 verbis
1105 2612 1205 2671 τούτων
1225 2606 1271 2671 οὖν
1289 2618 1343 2672 τῶν
1363 2614 1458 2690 λόγων
1479 2611 1551 2676 sub-

152 2716 329 2778 stantivum
345 2715 369 2776 oi
384 2717 465 2795 λόγοι
477 2723 530 2776 τῶν
545 2719 715 2796 κατηγόρων,
737 2713 824 2799 quod
845 2724 933 2778 certe
954 2714 1119 2778 enuntiato
1140 2713 1276 2778 relativo
1292 2715 1436 2798 longiore
1456 2718 1551 2779 inter-

150 2821 253 2902 posito
273 2821 306 2881 in
327 2820 442 2883 animis
463 2818 665 2883 audientium
684 2818 752 2881 fere
773 2817 991 2881 oblitteratum
1016 2827 1099 2892 erat,
1123 2821 1273 2882 renovari
1297 2822 1455 2884 statuitur.
1493 2821 1551 2885 sed

149 2921 362 2986 vehementer
378 2922 528 3007 equidem
544 2922 668 3004 dubit0,
688 2944 767 2985 num
781 2921 872 2985 locus
892 2924 1027 3006 reperiri
1043 2925 1153 3007 possit,
1175 2944 1237 3007 quo
1258 2945 1362 3010 aeque
1377 2933 1474 3009 atque
1491 2927 1552 2990 hoc

149 3048 214 3090 non
230 3026 263 3089 id
281 3027 530 3109 substantivum,
548 3025 634 3112 quod
651 3027 817 3090 enuntiato
832 3025 969 3090 relativo
985 3025 1178 3112 explicatur,
1198 3033 1348 3111 κατήγοροι
1363 3033 1552 3114 pronomine

257 3204 275 3268 ¹)
289 3205 408 3255 Primum
426 3207 472 3254 vix
489 3205 598 3254 tolerari
615 3219 692 3271 posse
710 3204 852 3254 videbatur
868 3205 1065 3255 substantivum
1082 3203 1153 3273 λόγοι
1170 3206 1246 3257 brevi
1263 3208 1407 3258 intervallo
1425 3210 1550 3259 iteratum

148 3307 230 3342 sensu
243 3308 348 3357 usuque
361 3309 415 3342 non
427 3293 509 3358 plane
522 3293 622 3342 eodem.
646 3307 715 3358 quac
725 3291 837 3342 offensio
851 3307 917 3343 sane
934 3292 1074 3343 tolleretur
1086 3293 1196 3343 Sluiteri
1209 3292 1283 3360 (lect.
1291 3294 1359 3344 And.
1369 3313 1394 3362 p.
1407 3296 1468 3361 113)
1482 3313 1551 3346 com-

145 3371 467 3446 ιιιοιιιοκαὶάλόγωςεῖπον,
479 3379 796 3430 nisiidreiciendumesse
807 3383 975 3430 interomnes
985 3387 1127 3432 constaret.
1142 3382 1238 3432 deinde
1248 3398 1329 3448 aegre
1335 3384 1464 3448 tulerunt,
1471 3385 1550 3449 quod,

146 3481 208 3515 cum
222 3463 245 3513 ol
258 3463 328 3532 λόγοι
340 3465 490 3516 subiectum
504 3473 574 3516 esset
583 3468 658 3516 verbi
671 3463 828 3533 ἀνωρθίαζον,
842 3468 917 3517 aliud
926 3484 1015 3518 rursus
1025 3469 1174 3519 subiectum
1185 3471 1378 3537 adsignandum
1389 3478 1459 3521 esset
1468 3472 1550 3520 verbo

145 3554 312 3617 paratact-ico
326 3555 469 3602 coniuncto
482 3551 570 3620 λόγους
585 3545 657 3614 εἷπον,
675 3569 774 3604 nomen
786 3556 847 3605 dico
860 3553 882 3603 οἱ
895 3554 1034 3623 κατήγοροι,
1052 3558 1124 3621 quod
1140 3561 1168 3607 in
1185 3561 1325 3609 enuntiato
1338 3561 1426 3624 priore
1438 3560 1549 3608 formam

144 3641 269 3705 genetivi
281 3640 371 3690 habet.
397 3656 466 3706 quae
480 3642 594 3690 subiecti
607 3643 723 3691 varietas
736 3641 803 3692 adeo
816 3643 928 3707 indigua
941 3650 1045 3693 oratore
1058 3645 1214 3710 habebatur,
1231 3652 1263 3695 ut
1274 3647 1389 3696 alterum
1401 3647 1549 3695 membrum

143 3724 184 3773 καὶ
197 3724 286 3792 λόγους
300 3717 365 3775 εἷπον
385 3728 585 3792 exstirpandum
603 3735 724 3777 censeret
738 3729 841 3794 Helbig
857 3744 920 3778 ann.
930 3726 995 3794 phil.
1006 3732 1132 3781 LXXXV
1145 3734 1204 3783 680.
1229 3739 1257 3783 at
1274 3738 1339 3798 puto
1358 3749 1466 3782 causam
1484 3735 1548 3783 satis

142 3813 269 3862 idoneam
288 3814 336 3862 tibi
349 3831 403 3864 non
416 3814 508 3880 fingas,
527 3830 580 3880 qua
593 3817 652 3879 quis
670 3821 819 3865 commotus
836 3817 904 3866 haec
915 3818 998 3867 verba
1015 3819 1196 3884 adscripserit3
1215 3835 1306 3885 neque
1321 3822 1413 3870 deesse
1426 3825 1515 3886 potest
1527 3820 1550 3868 οἱ

144 3897 215 3965 λόγοι
236 3899 285 3948 τῶν
307 3899 460 3967 κατηγόρων,
483 3902 554 3967 quod
573 3902 769 3951 damnaverunt
787 3904 819 3953 K.
833 3905 863 3952 L.
878 3904 981 3968 Kayser
998 3906 1065 3955 Mus.
1080 3906 1165 3956 Rhen.
1179 3907 1244 3956 XVI
1261 3909 1295 3956 80
1317 3915 1344 3956 et
1362 3908 1468 3957 Usener
1483 3909 1547 3957 ibid.

143 3987 221 4036 XXV
234 3987 293 4036 589.
318 3988 345 4036 hi
364 3990 434 4037 enim
452 3995 621 4054 negaverunt
637 3989 787 4038 subiectum
806 3987 830 4037 οἱ
841 3987 912 4058 λόγοι
929 3993 1059 4057 coniungi
1070 4009 1147 4058 posse
1165 4010 1225 4043 cum
1238 3996 1321 4044 verbo
1334 3991 1483 4060 ἀνωρθίαζον
1496 3998 1548 4044 υἱοὶ

142 4074 171 4121 in
189 4088 221 4123 ea
239 4089 268 4123 re
281 4075 502 4140 Harpocrationis
518 4076 620 4141 glossa:
639 4073 787 4141 ἀνωρθίαζον
807 4072 858 4124 ἀντὶ
875 4079 918 4126 τοῦ
935 4072 1015 4145 όρθιον
1028 4078 1130 4145 βοῶντες
1149 4077 1232 4148 ἔλεγον
1246 4080 1388 4146 Ἀνδοκίδης.
1413 4083 1497 4132 isdem
1515 4083 1548 4133 de

143 4161 231 4209 carreis
244 4160 292 4210 alii
304 4163 454 4212 subiectum
467 4160 490 4211 ol
502 4159 571 4229 λόγοι
588 4165 626 4212 ita
644 4169 874 4230 mutaverunt,‚ut
891 4180 922 4214 eo
940 4181 1054 4230 persona
1070 4167 1275 4233 significaretur,
1293 4186 1364 4234 quae
1382 4176 1409 4220 et
1426 4187 1487 4219 cum
1505 4168 1546 4219 οἱν-

142 4244 264 4312 ωρθίαζον
281 4255 308 4298 ot
326 4265 386 4297 cum
403 4247 492 4316 λόγους
510 4241 574 4298 εἶπον
592 4251 739 4299 consociari
752 4257 851 4314 posset,
868 4252 954 4301 veluti
967 4253 1066 4303 Sluiter
1082 4273 1106 4320 p.
1121 4257 1167 4304 113
1185 4258 1291 4321 scripsit
1308 4255 1331 4305 ol
1342 4253 1432 4323 λόγιοι,
1450 4259 1547 4323 Kbpke

141 4349 229 4399 progr.
240 4350 330 4399 gymn.
339 4335 443 4384 Guben.
456 4337 522 4384 1869
533 4333 555 4384 οἱ
565 4333 683 4401 λέγοντες,
697 4336 865 4403 Frohberger
875 4338 971 4388 Philol.
979 4340 1044 4390 Anu.
1054 4342 1082 4390 11
1091 4344 1141 4392 328
1152 4340 1175 4392 ol
1184 4342 1327 4413 μυθολόγοι.
1352 4349 1399 4397 sed
1411 4349 1439 4398 hi
1455 4367 1546 4401 omnes
1598 4386 1599 4395 ι

141 4421 303 4470 emendandi
317 4429 429 4472 conatus
442 4430 534 4473 contra
547 4439 638 4473 sanam
651 4424 782 4473 rationem
802 4439 834 4473 eo
848 4440 961 4490 peccaro
978 4429 1044 4478 mihi
1057 4431 1191 4494 videntur,
1210 4434 1282 4496 quod
1295 4436 1340 4483 vix
1359 4436 1487 4486 credibile
1505 4445 1545 4487 est

143 4507 311 4557 Andocidem
324 4511 463 4574 negotium
481 4511 522 4558 τοῦ
535 4507 623 4577 λόγους
638 4506 710 4559 εἰπεῖν
722 4511 812 4560 verbis
826 4512 931 4563 disertis
948 4515 981 4564 ad
998 4523 1099 4581 partem
1117 4519 1252 4571 rettulisse
1272 4529 1467 4589 accusatorum,
1487 4544 1545 4578 eam
1595 4575 1596 4595 γ

141 4595 277 4658 nimirum,
292 4610 360 4660 quae
373 4596 455 4646 verba
469 4597 585 4647 faciebat
598 4598 626 4646 in
638 4597 747 4660 iudicio,
762 4600 839 4665 quasi
852 4615 906 4650 non
920 4617 1011 4653 omnes
1023 4603 1093 4653 idem
1107 4608 1260 4658 sensissent.
1594 4602 1596 4665 l

1536 4737 1590 4824 A
