3225 5092
105 249 167 313 188

104 443 244 529 positum
263 444 435 524 invenitur,
457 441 498 505 cf.
514 442 594 505 Her.
612 439 695 519 Ι46,
717 441 822 504 Thue.
839 439 890 503 III
906 438 958 522 45,
981 439 1009 522 1,
1030 439 1109 524 Lys.
1126 437 1144 501 I
1159 438 1188 516 7,
1208 437 1308 501 Isoor.
1325 437 1409 500 VIII
1426 437 1498 520 131,

106 556 216 610 contra
224 546 302 612 Her.
315 547 332 611 I
344 546 386 611 85
394 550 423 608 ἐν
434 555 472 632 πῃ
480 545 516 609 ὧν
529 548 703 630 παρελθούσῃ
716 550 829 628 εύεοτοί,
842 547 868 609 si
880 545 976 608 modo
987 545 1050 608 ista
1062 545 1223 628 scriptura
1234 552 1323 608 recte
1331 544 1498 607 retinetur.

205 652 320 737 Neque
343 674 420 716 vero
444 653 477 715 in
501 653 689 714 universum
710 651 884 736 scriptores
911 648 1049 713 multum
1072 648 1246 732 curabant,
1270 656 1305 710 ut
1331 647 1376 710 οὖν
1399 646 1498 711 altero

105 757 260 820 enuntiati
283 755 352 821 loco
377 755 597 821 collocaretur.
629 753 715 840 quod
739 777 813 819 oum
837 777 879 819 ex
902 755 948 816 eis
964 752 1122 817 Herodoti
1145 761 1176 815 et
1191 751 1402 837 Hippocratis
1421 750 1500 815 loeis

104 860 309 944 Intellegitur,
326 859 443 945 quibus
459 862 503 922 ούν
518 858 734 924 in'intervallo
750 860 855 941 tmesi,
872 880 955 944 quae
971 857 1069 942 vulgo
1085 856 1212 937 dicitur,
1229 855 1344 919 effecto
1359 857 1500 941 positum

105 973 162 1048 est,
178 972 246 1028 tum
263 986 306 1028 ex
321 964 370 1028 his
386 964 479 1029 locis:
495 965 574 1028 Her.
591 964 656 1030 VH
675 963 736 1028 153
752 967 847 1042 θωύμοί
863 987 909 1041 μοι
923 962 962 1024 ὧν
977 963 1024 1025 καί
1038 968 1115 1024 τούτο
1134 965 1244 1045 γέγονε,
1261 958 1364 1025 Thue.
1377 960 1395 1024 I
1409 959 1462 1043 91,
1480 960 1497 1022 ‘I

104 1075 121 1145 ἢ
137 1073 240 1143 ποίντας
256 1069 301 1130 οὖν
318 1071 483 1149 ἀτειχίστους
500 1072 548 1150 ἔφη
564 1077 663 1151 χρῆναι
680 1068 845 1150 ξυμμαχεῖν,
861 1067 912 1132 VI
923 1067 975 1151 64,
993 1067 1009 1128 1
1027 1069 1132 1129 τοιόνδε
1143 1089 1167 1127 τι
1182 1066 1238 1147 οὖν,
1254 1063 1310 1128 ubi
1322 1086 1501 1149 pronomen

103 1172 307 1235 indefinitum
324 1172 469 1237 similiter
484 1173 709 1257 interpositum
726 1180 775 1235 est
790 1181 887 1258 atque
903 1169 980 1235 Ant.
993 1168 1042 1233 VI
1056 1169 1109 1252 42,
1125 1167 1213 1233 And.
1227 1167 1244 1230 I
1258 1167 1301 1233 95
1316 1172 1390 1232 ἄλλο
1405 1194 1429 1232 τι
1444 1171 1500 1254 οὖν,

104 1274 153 1339 ΙΙΙ
162 1276 204 1340 23
212 1279 290 1338 ποίαν
299 1279 347 1338 τιν’
357 1276 411 1355 οὖν,
421 1277 500 1362 Lyo.
510 1276 643 1342 XXIII)
652 1279 725 1339 ἀλλο
733 1300 758 1338 τι
767 1277 821 1356 οὖν,
835 1274 922 1339 And.
933 1273 1035 1338 11126
1049 1277 1088 1352 μὴ
1097 1276 1267 1352 βοηθούντων
1279 1275 1330 1352 μὲν
1347 1274 1401 1349 οὖν,
1412 1274 1499 1338 Xen.

104 1379 226 1445 Oomm.
236 1380 287 1445 HI
297 1381 346 1465 11,
357 1381 374 1443 ‘I
384 1383 430 1444 uui
441 1382 502 1460 ἐμοὶ
510 1383 565 1465 οὖν,
574 1382 656 1446 Plat.
666 1380 805 1446 Phaedr.
815 1378 904 1444 2580
916 1381 968 1442 οίει
976 1381 1036 1440 τινὰ
1044 1379 1089 1442 οὖν
1096 1386 1150 1441 τῶν
1158 1382 1297 1442 τοιούτων.
1308 1430 1315 1442 .
1328 1430 1335 1442 .
1351 1380 1500 1452 ὀνειδίζειν.

673 1620 931 1628 ——.-—-—-—

686 1835 920 1933 TOINYN.

785 2061 812 2127 1.

207 2224 271 2288 Pro
288 2225 511 2288 coniunctione
528 2223 573 2285 οὖν
590 2244 686 2307 saepe
702 2222 883 2306 promiscue
899 2221 1029 2304 ponitur
1043 2221 1138 2295 τοίνυν,
1157 2218 1243 2305 quod
1263 2221 1296 2282 in
1311 2221 1499 2282 universum

103 2330 190 2393 idem
207 2327 368 2412 significat
380 2327 466 2413 quod
481 2326 536 2391 illa
552 2325 719 2412 particula,
736 2346 913 2409 numquam
929 2345 1006 2388 vero
1021 2321 1244 2387 adverbialem
1256 2325 1324 2386 eius
1340 2323 1407 2385 vim
1422 2344 1501 2407 prae

105 2456 139 2496 se
163 2433 235 2497 fert.
267 2435 375 2518 itaque
394 2433 429 2495 in
448 2430 661 2497 describendo
685 2431 753 2494 eius
773 2453 835 2492 usu
856 2427 997 2492 eundem
1013 2427 1159 2492 ordinem
1175 2425 1387 2508 servabimus,
1404 2446 1501 2511 quem

106 2537 209 2619 nobis,
227 2559 301 2601 eum
317 2537 358 2600 de
374 2537 600 2601 coniunctione
616 2536 660 2598 ούν
677 2542 786 2598 actum
802 2543 862 2615 est,
878 2535 1113 2619 proposuimus.
1145 2554 1206 2596 nee
1222 2552 1502 2616 supervacaneum

105 2643 165 2706 erit
185 2649 348 2727 oratorum
363 2643 419 2722 ita,
436 2650 472 2704 ut
489 2641 723 2716 consuevimus,
740 2639 898 2702 rationem
913 2635 1045 2727 habere,
1062 2639 1123 2701 etsi
1134 2635 1325 2720 Rosenberg
1336 2658 1409 2700 ann.
1422 2633 1500 2720 phil.

105 2745 232 2812 OVIIII
254 2744 315 2809 109
336 2767 406 2831 sqq.
429 2746 593 2830 egregiam
613 2745 864 2829 disputationem
885 2743 1091 2827 conscripsit:
1123 2740 1175 2805 die
1190 2739 1336 2805 Partikel
1360 2740 1445 2801 τοίνυν
1466 2740 1501 2803 in

105 2851 163 2917 der
182 2850 342 2915 attiseheu
358 2850 483 2933 Dekas,
499 2850 620 2937 quippe
636 2851 669 2913 in
685 2869 751 2934 qua
770 2869 836 2912 uon
856 2847 933 2912 satis
953 2848 1155 2932 respiciatur,
1176 2843 1254 2933 quid
1269 2843 1429 2930 particula
1447 2843 1503 2908 ilia

104 2955 312 3040 significetur.
790 3039 806 3102 1

209 3165 353 3229 Primum
376 3165 474 3248 igitur
497 3161 673 3227 dicendum
698 3170 747 3226 est
770 3159 932 3246 particula
951 3161 1036 3222 τοίνυν
1055 3158 1195 3223 verbum
1217 3158 1271 3223 vel
1291 3158 1501 3241 enuntiatum,

106 3268 193 3354 quod
212 3270 359 3355 proxime
379 3267 556 3353 praeeedit,
572 3267 708 3352 repeti,
724 3266 814 3329 velut
826 3263 912 3332 And.
926 3263 960 3327 ΙΙ
977 3265 1027 3346 12,
1047 3264 1119 3328 100
1135 3264 1221 3350 (post
1239 3266 1289 3327 ius
1304 3260 1501 3348 iurandum),

107 3373 178 3437 143.
210 3372 266 3437 sed
282 3373 473 3458 pierumque
489 3394 590 3436 unum
606 3373 806 3435 enuntiatum
822 3370 875 3434 vel
891 3369 973 3434 adeo
989 3369 1084 3455 plura
1099 3369 1314 3450 intercedunt,
1330 3377 1403 3453 post
1418 3388 1502 3452 quae

104 3477 241 3542 verbum
256 3478 309 3541 vel
325 3477 527 3540 enuntiatum
542 3497 768 3562 praegressum
783 3476 973 3560 pronomine
999 3474 1253 3538 demonstrativo
1278 3473 1382 3536 aliove
1406 3471 1502 3535 modo

104 3586 138 3647 in
157 3584 346 3647 memoriam
365 3590 546 3662 revocatur,
569 3581 609 3644 cf.
628 3579 714 3645 And.
728 3578 762 3641 II
777 3579 813 3662 23
837 3579 921 3664 193,
943 3579 993 3664 04,
1016 3599 1079 3663 quo
1098 3586 1235 3664 utroque
1256 3576 1336 3659 loco,
1353 3577 1503 3661 quamvis

106 3689 285 3751 contrariae
302 3688 366 3751 sint
382 3687 569 3768 sententiae,
588 3683 771 3749 cavendum
788 3694 848 3767 est,
869 3705 910 3746 ne
926 3683 960 3746 id
976 3682 1137 3768 particula
1153 3684 1239 3744 τοίνυν
1255 3681 1431 3766 significari
1445 3703 1503 3766 pu-

104 3803 198 3876 tetur,
216 3793 336 3877 quippe
352 3812 416 3876 qua
431 3811 608 3876 numquam
624 3788 849 3853 adversativus
866 3791 1099 3857 sententiarum
1115 3795 1286 3851 contextus
1301 3785 1471 3850 indicetur.
1479 3787 1503 3866 ¹)

104 3899 175 3962 aliis
190 3898 268 3962 locis
282 3896 397 3960 vocula
407 3881 493 3959 τοίνυν
506 3897 684 3959 sententiae
696 3903 769 3978 post
780 3893 1001 3980 parenthesim
1013 3893 1220 3973 inducuntur,
1237 3913 1319 3976 quae
1330 3899 1417 3954 totae
1432 3890 1502 3959 fere

104 4003 146 4068 ad
162 4001 387 4066 antecedentia
402 4023 461 4064 nos
478 4002 570 4086 quasi
586 3999 731 4082 relegant
746 4007 802 4063 aut
814 4021 853 4063 ea
863 3998 1050 4062 renovando
1063 4006 1119 4060 aut
1133 3996 1175 4060 ab
1187 3995 1249 4061 illis
1265 3994 1308 4059 ad
1320 3994 1383 4058 alia
1393 3993 1502 4058 tradu-

105 4105 218 4189 cendo,
235 4105 276 4170 cf.
290 4105 369 4169 Her.
384 4104 484 4169 VIIII
496 4105 548 4184 46,
565 4104 669 4168 Thuc.
683 4103 714 4166 V
732 4102 803 4184 105,
820 4101 907 4167 And.
921 4102 955 4166 II
966 4101 1018 4186 20,
1035 4101 1086 4183 23,
1102 4099 1219 4184 11113,
1235 4099 1292 4162 ubi
1307 4098 1410 4163 verba
1421 4102 1504 4175 ἡμεῖς

103 4213 189 4274 τοίνυν
206 4233 272 4296 eqS.
286 4233 477 4296 responsum
493 4212 658 4274 continent
672 4210 932 4293 interrogationis
950 4210 993 4269 διὰ
1009 4210 1033 4269 τί
1049 4207 1095 4270 οιαὶ
1110 4209 1332 4289 πολεμήσωμεν,

106 4371 313 4380 ------

209 4475 228 4540 1)
242 4473 282 4524 Of.
293 4490 361 4540 quae
374 4473 531 4540 Rosenberg
543 4491 567 4539 p.
576 4475 629 4522 118
642 4473 720 4522 dicit:
735 4473 802 4522 Eine
815 4471 974 4522 οοίοονοοίίοο
983 4471 1131 4537 Bcdeutcup
1143 4474 1171 4520 ιἰτ
1184 4469 1230 4519 der
1240 4470 1359 4520 Partikel
1368 4468 1507 4533 aristotton,

105 4560 207 4610 madert
222 4561 301 4612 schoa
320 4561 361 4612 dte
372 4560 522 4628 Bedeutauy
538 4561 610 4612 ihrer
627 4563 754 4612 einzelnen
770 4559 973 4623 Bestaodthcitq
992 4559 1116 4609 similiter
1132 4558 1210 4609 Blass
1227 4559 1256 4606 in
1272 4557 1397 4608 Bursiani
1413 4557 1509 4606 annal.

105 4647 183 4696 VIIII
196 4649 253 4698 255.
