3225 5092
88 201 107 264 6
244 204 246 216 .

89 395 121 454 in
148 391 169 455 l.
191 390 318 456 XXIII.
337 390 381 454 de
405 401 558 476 tempore,
584 391 671 476 quod
696 392 787 454 ‘esse’
809 402 842 454 et
866 393 946 455 ‘erit’
968 392 1196 476 significarent,
1224 416 1298 458 cum
1319 396 1488 481 participio

179 497 347 579 praeteriti
370 499 558 577 coniuncta,
582 495 647 559 vid.
665 495 706 559 11.
722 495 904 560 ΧΧΧΠΙΙ.
923 526 961 552 =
984 495 1067 560 Gell.
1084 497 1194 579 XVII,
1212 498 1240 560 I.

89 603 121 662 in
143 599 164 662 l.
179 599 326 664 XXIIII.
341 600 381 664 de
401 609 540 665 accentu
560 609 593 664 et
613 599 854 684 orthographia,
874 603 920 664 ita
934 612 972 664 ut
992 601 1111 666 similes
1127 601 1350 666 declinationis
1371 603 1490 668 formas

176 704 402 787 distingueret3
427 705 493 768 vid.
510 704 550 768 fr.
567 705 712 770 XXXV.
731 734 771 762 =
788 704 872 770 Gell.
891 706 987 788 XIII,
1011 706 1064 788 26,
1090 707 1105 768 1
1133 729 1202 792 sqq.

88 811 122 873 in
144 809 164 871 l.
182 808 292 873 XXV.
311 807 351 872 de
367 808 475 872 verbis
497 809 652 873 derivatis
675 811 706 872 in
724 813 819 891 urio,
843 809 908 874 vid.
925 811 963 874 fr.
981 810 1127 875 XXXX.
1144 840 1185 868 =
1201 813 1283 876 Non.
1301 835 1331 896 p.
1350 812 1421 894 144,
1443 812 1489 875 18.

91 915 124 975 in
136 912 156 976 l.
170 911 349 976 XXVIIII.
364 913 404 976 de
417 922 526 999 etymo
539 912 772 978 vocabulorum
785 915 924 978 ‘avarus'
937 924 969 977 et
982 915 1160 1000 ‘locuples‘3
1177 915 1243 979 vid.
1257 916 1295 980 fr.
1308 916 1488 980 XXXXII.

176 1046 216 1074 =
241 1017 324 1081 Gell.
340 1017 385 1100 X,
408 1016 439 1098 5,
465 1017 492 1080 1.

193 1123 292 1186 Η116
315 1122 456 1186 iudicem
476 1122 729 1206 fragmentorum
751 1124 804 1208 qui
825 1123 1010 1209 perlegerit,
1033 1123 1129 1188 facile
1151 1124 1317 1208 intelleget
1339 1135 1490 1208 systema,

92 1228 180 1314 quod
203 1248 368 1307 vocamus,
391 1228 498 1290 inesse
520 1226 653 1292 nullum.
698 1249 804 1312 neque
827 1237 948 1310 tamen,
972 1236 1059 1312 puto,
1082 1250 1205 1313 negare
1227 1229 1304 1293 licet
1324 1229 1492 1312 Nigidium

89 1355 149 1419 per
169 1331 311 1415 singulos
331 1331 385 1394 vel
405 1333 502 1394 etiam
522 1354 581 1417 per
600 1332 710 1416 plures
731 1335 977 1397 commentarios
998 1333 1140 1418 singulas
1161 1333 1318 1419 quasdam
1339 1337 1490 1399 materias
1577 1393 1580 1401 .
1600 1398 1601 1401 ,

90 1438 153 1502 sibi
184 1436 371 1502 tractandas
408 1438 593 1523 sumpsisse.
646 1460 723 1503 nam
758 1460 864 1523 neque
894 1437 1009 1501 eodem
1039 1437 1122 1502 libro
1154 1436 1194 1501 de
1226 1439 1363 1504 diversis
1392 1439 1490 1504 rebus

90 1565 195 1629 neque
217 1542 258 1606 de
279 1542 374 1606 unius
395 1541 604 1628 eiusdemque
623 1542 711 1607 modi
731 1542 830 1606 rebus
845 1543 983 1607 diversis
998 1541 1089 1606 libris
1105 1565 1179 1608 eum
1199 1545 1314 1626 egisse,
1335 1523 1490 1629 quantum

91 1649 224 1734 quidem
240 1670 282 1711 ex
297 1645 347 1710 his
362 1647 552 1730 fragmentis
569 1649 781 1731 cognoscitur,
799 1647 967 1733 probabile
982 1648 1029 1711 fit.
1045 1647 1221 1713 dolendum
1237 1671 1314 1712 sane
1330 1657 1388 1730 est,
1405 1649 1490 1734 quod

91 1776 155 1817 non
179 1752 273 1838 plura
296 1774 337 1814 ex
363 1761 451 1816 certo
475 1752 616 1836 quodam
638 1751 720 1816 libro
743 1751 837 1816 nobis
861 1762 990 1816 servata
1013 1762 1101 1817 sunt:
1130 1742 1262 1817 sed'vel
1285 1755 1332 1817 sic
1355 1754 1491 1837 vestigia

90 1859 241 1942 longioris
276 1857 317 1921 de
352 1857 495 1921 materiis
530 1857 726 1942 quibusdam
760 1857 987 1941 disputationis
1017 1857 1070 1921 hio
1098 1857 1165 1921 illic
1194 1858 1299 1921 inesse
1329 1858 1490 1922 videntur.

91 1962 191 2028 veluti
215 1984 298 2048 quae
321 1961 592 2047 Noniusp.127,
619 1961 658 2024 10
681 1961 757 2048 (Μ.)
782 1985 805 2025 s.
824 1985 854 2025 v.
871 1963 1018 2026 Irascere
1041 1984 1083 2024 ex
1106 1961 1188 2026 libro
1205 1962 1326 2043 VIIII,
1354 1971 1387 2024 et
1409 1985 1492 2047 quae

90 2092 121 2153 p.
150 2066 224 2152 437,
245 2065 287 2130 25
312 2090 335 2132 s.
356 2089 387 2130 v.
405 2067 626 2130 Vetustisoere
650 2089 692 2130 ex
714 2065 796 2130 libro
818 2067 861 2130 X.
881 2067 995 2148 refert,
1024 2090 1064 2131 ea
1086 2069 1131 2130 ita
1153 2069 1238 2130 inter
1261 2090 1294 2131 se
1318 2067 1491 2131 cohaerere

91 2175 213 2258 opinor,
234 2180 270 2236 ut
285 2180 421 2256 utroque
443 2169 525 2236 libro
542 2170 710 2254 Nigidium
730 2169 771 2234 de
787 2170 897 2235 verbis
913 2172 1105 2235 incohativis
1121 2171 1338 2257 disputavisse
1354 2179 1491 2235 statuen-

91 2278 167 2342 dum
197 2279 246 2341 sit.
292 2277 335 2340 ad
362 2275 481 2341 librum
510 2275 586 2358 ΧΙ.,
616 2298 678 2361 quo
701 2284 783 2340 teste
805 2275 909 2340 Gellio
930 2276 1008 2357 IHI,
1034 2275 1064 2354 9,
1092 2277 1107 2338 1
1133 2275 1174 2339 16
1199 2298 1279 2339 1666
1305 2276 1490 2359 ‘religiosus’

90 2380 243 2465 Nigidius
259 2383 335 2464 egit,
357 2403 395 2444 ea
417 2382 513 2445 etiam
534 2381 705 2445 referenda
721 2402 791 2444 esse
808 2380 969 2457 videntur,
999 2404 1082 2466 quae
1102 2379 1190 2467 apud
1211 2380 1351 2444 eundem
1370 2379 1431 2460 III,
1454 2380 1493 2442 12

90 2487 131 2550 16
159 2485 330 2549 6116611116
358 2484 482 2549 ‘bibax'
511 2494 543 2548 et
571 2485 725 2549 ‘bibosus'
755 2485 926 2568 eNigidio
954 2486 1168 2570 proferuntur.
1214 2484 1270 2547 sed
1299 2507 1377 2547 num
1403 2497 1492 2547 recte

33 2581 37 2588 ⁸
91 2589 305 2654 Mercklinius
330 2589 396 2653 ind.
417 2588 490 2653 lect.
513 2589 649 2673 Dorpat.
674 2613 703 2652 6.
720 2587 965 2654 MDOOOLXI.
988 2612 1019 2674 p.
1035 2588 1074 2652 15
1095 2589 1290 2652 omniafere
1310 2597 1489 2674 praeterea,

91 2717 174 2780 quae
198 2695 238 2758 de
262 2693 433 2758 adiectivis
453 2695 486 2757 in
508 2694 602 2758 ‘osus'
628 2695 809 2758 terminatis
833 2694 887 2757 vel
911 2693 999 2778 apud
1020 2692 1161 2757 Gellium
1182 2693 1240 2775 VI,
1267 2693 1316 2775 12,
1336 2693 1428 2768 VIII,
1453 2693 1492 2755 12

91 2801 143 2865 vel
166 2799 254 2886 apud
276 2799 417 2864 Nonium
439 2799 591 2882 leguntur
614 2820 644 2882 p.
665 2799 735 2878 113,
759 2799 780 2862 3
804 2821 828 2862 s.
846 2822 877 2862 v.
894 2797 1168 2878 Formidulosum,
1192 2821 1223 2883 p.
1250 2797 1320 2879 133,
1345 2798 1387 2861 22
1411 2819 1434 2860 s.
1459 2821 1489 2862 1.

90 2905 322 2986 Laboriosum,
346 2924 377 2988 p.
398 2903 473 2985 168,
497 2902 539 2966 22
563 2927 586 2966 s.
608 2926 639 2965 v.
660 2901 895 2987 Suspiciosum,
925 2925 955 2987 p.
975 2903 1050 2986 112,
1074 2902 1116 2965 23
1140 2924 1212 2964 61.
1237 2900 1492 2979 Somniculosos,

90 3033 120 3094 p.
141 3009 212 3089 126,
234 3007 253 3070 3
271 3031 295 3070 s.
314 3030 345 3072 v.
362 3007 573 3089 Invidiosum,
596 3030 627 3092 p.
645 3007 696 3091 21,
717 3007 758 3070 29
778 3030 804 3099 s.
822 3029 853 3069 v.
870 3008 1015 3088 Virosae,
1037 3029 1067 3093 p.
1086 3006 1137 3087 28,
1159 3006 1202 3070 24
1222 3027 1294 3070 61.
1318 3007 1492 3089 Μ11161661,

94 3137 124 3199 p.
143 3111 216 3194 305,
233 3112 275 3176 23
292 3135 315 3174 s.
333 3134 364 3176 v.
382 3113 568 3192 Famosum,
599 3134 629 3196 p.
651 3111 729 3194 433,
751 3111 792 3174 26
817 3134 840 3174 s.
863 3134 893 3174 v.
915 3110 1054 3193 Morosa,
1083 3133 1114 3195 p.
1130 3110 1209 3192 463,
1234 3110 1255 3172 2
1278 3133 1301 3173 s.
1319 3132 1350 3174 v.
1386 3110 1491 3173 Disci-

92 3218 246 3304 plinosus,
269 3256 312 3264 --
337 3238 414 3279 num
438 3217 529 3294 haec,
552 3216 695 3300 iuquam,
721 3219 828 3280 omnia
848 3214 1041 3279 Merklinius
1069 3225 1157 3278 recte
1185 3215 1227 3278 ad
1247 3214 1370 3298 Nigidii
1394 3215 1414 3278 l.
1430 3214 1491 3278 XI.

90 3321 263 3404 rettulerit,
298 3321 440 3385 maxime
468 3320 604 3385 dubium
632 3331 689 3384 est.
737 3321 857 3384 etenim
887 3322 913 3382 si
939 3319 997 3384 hos
1024 3319 1113 3383 locos
1141 3319 1284 3403 singulos
1311 3320 1494 3383 accuratius

91 3428 331 3506 examinamus,
365 3427 505 3511 primum
537 3446 668 3509 prorsus
696 3435 819 3490 temere
847 3423 1077 3488 Mercklinium
1105 3422 1201 3487 Gellii
1233 3422 1340 3487 locum
1366 3423 1424 3507 VI,
1454 3422 1494 3486 12

89 3531 153 3594 huc
182 3529 359 3593 adscivisse
387 3529 550 3610 videmus,
585 3530 675 3594 nulla
704 3527 766 3593 alia
797 3527 838 3591 de
870 3551 969 3591 causa
999 3549 1097 3612 quam
1132 3527 1218 3612 quod
1247 3527 1294 3591 ibi
1322 3528 1356 3590 iu
1384 3527 1494 3591 verbis

90 3633 284 3719 quibusdam
309 3632 486 3718 Scipionis,
515 3655 597 3718 quae
620 3633 661 3699 ad
685 3633 912 3698 illustrandum
935 3633 1030 3696 huius
1055 3633 1184 3716 capitis,
1213 3653 1276 3714 quo
1303 3630 1344 3694 16
1369 3632 1494 3694 ‘tunicis

93 3737 267 3822 chiridotis'¹
292 3739 410 3820 agitur,
434 3747 661 3822 argumentum
681 3762 701 3801 6
721 3739 944 3821 grammaticis
965 3735 1243 3820 disquisitionibus
1263 3735 1494 3799 alienissimum

90 3843 301 3922 adferuntur,
336 3840 398 3904 duo
430 3841 594 3905 adiectiva
622 3842 771 3905 ‘vinosus'
804 3851 837 3906 et
866 3841 1009 3905 ‘virosus'
1041 3840 1206 3923 leguntur,
1238 3861 1374 3924 quorum
1405 3841 1494 3924 prius

91 3947 259 4030 Nigidium
283 3947 425 4032 exempli
449 3969 546 4010 causa
569 3949 714 4031 posuisse
735 3946 859 4011 Gellius
882 3946 943 4028 III,
973 3946 1013 4009 12
1037 3956 1149 4010 auctor
1176 3955 1233 4010 est.
1273 3945 1491 4010 Nonianorum

91 4051 211 4116 deinde
236 4049 380 4115 locorum
406 4060 556 4136 quattuor
576 4053 696 4137 primos
720 4074 737 4115 6
759 4050 842 4116 Gell.
860 4050 969 4132 VIIII,
1001 4050 1040 4113 12
1063 4059 1208 4135 sumptos
1232 4071 1302 4112 esse
1322 4049 1495 4114 Kretasch·

93 4178 201 4220 merus
237 4155 364 4219 dissert.
399 4155 451 4220 ‘de
487 4156 672 4220 auctoribus
700 4156 740 4220 A.
768 4155 864 4220 Gellii
895 4154 1124 4238 grammaticis'
1162 4155 1364 4238 conscriptae
1393 4178 1424 4239 p.
1452 4154 1492 4216 31

91 4259 181 4346 (edit.
208 4258 263 4324 alt.
289 4282 318 4322 a.
348 4258 643 4346 MDOOOLXVI.)
672 4264 853 4346 perspexit,
886 4262 941 4345 qui
971 4261 1069 4323 etiam
1101 4254 1343 4341 animadvertit,
1375 4267 1493 4334 cetera,

90 4387 173 4449 quae
196 4365 314 4428 cursim
335 4362 461 4428 Gellius
481 4364 525 4428 ibi
547 4363 689 4442 adnotat,
711 4388 730 4428 a
751 4365 856 4430 Nonio
877 4386 947 4428 esse
966 4363 1091 4427 relicta.
1131 4362 1218 4447 quod
1240 4371 1352 4426 contra
1367 4361 1494 4426 Menck-

89 4470 185 4533 linius
210 4467 302 4549 dicit,
330 4468 471 4532 Nonium
501 4468 714 4533 ‘invidiosum’
739 4468 889 4533 versibus
912 4467 1045 4548 Lucilii,
1074 4470 1128 4552 qui
1156 4466 1244 4551 apud
1267 4464 1409 4531 Gellium
1432 4488 1495 4530 non

89 4573 250 4657 leguntur,
271 4572 441 4655 illustrare,
463 4573 508 4638 ibi
524 4575 568 4637 ita
585 4573 728 4658 explicat
739 4573 863 4637 Nonius
880 4571 992 4658 (‘quod
1009 4574 1050 4636 sit
1065 4570 1201 4636 vitabile
1216 4570 1259 4635 ad
1276 4569 1493 4656 videndum'b
