3225 5092
14 219 168 281 Ι’98

127 408 215 495 apud
231 409 333 475 bonos
350 411 523 494 scriptores
539 416 643 474 rarius
659 411 727 474 eius
744 421 874 473 exstant
894 410 1053 495 exempla.
1085 433 1148 495 qua
1168 413 1209 475 de
1228 436 1264 475 re
1284 413 1324 476 cf.
1338 413 1518 477 Kuehnast.

127 535 157 597 p.
171 512 212 576 19
226 536 272 598 sq.
297 523 440 577 ceterum
452 513 513 577 hoe
529 512 599 577 loco
614 523 650 577 ut
665 523 800 598 poneret
815 515 1001 597 genetivum
1013 515 1155 579 Iustinus
1167 517 1236 579 sine
1249 515 1346 581 dubio
1357 515 1520 580 adductus

126 626 175 680 est
191 618 416 681 concinnitatis
431 619 555 682 ratione
571 617 691 698 habita,
708 640 782 681 cum
798 618 971 681 antecedat
987 619 1157 701 genetivus
1170 620 1345 704 ί00111101οἏ
1373 619 1459 705 quod
1475 622 1520 684 ita

15 795 16 800 .
126 745 160 787 se
174 722 296 787 habere
312 722 387 788 inde
404 743 531 807 quoque
548 723 698 805 cognosci
714 722 933 807 potestquod
950 725 1066 786 ceteris
1080 722 1159 786 locis
1176 746 1289 787 vocem
1306 723 1410 788 ‘milla’
1428 725 1520 788 solito

14 823 15 844 ³
125 849 213 892 more
229 850 287 914 pro
307 827 467 892 adieetivo
487 837 675 911 usurpatam
695 827 854 907 videmus,
875 827 965 890 velut
987 827 1036 909 13,
1053 827 1084 909 5,
1103 827 1136 908 73
1159 828 1208 907 12,
1232 827 1281 910 12,
1297 829 1328 892 4.
1359 830 1521 892 contrario

12 921 15 924 ¹
125 932 221 996 modo
237 933 340 997 forma
356 932 464 996 ‘milia'
481 955 555 996 cum
571 933 718 1016 sequenti
740 931 943 997 substantivo
962 955 1026 995 uno
1047 932 1226 1016 eodemque
1250 954 1327 996 casu
1347 935 1520 998 coniuncta

12 1103 15 1110 ‚
125 1036 263 1100 traditur
282 1038 413 1101 alterius
433 1038 561 1120 generis
582 1035 748 1098 codicibus
768 1035 820 1117 24,
839 1035 906 1116 7,9
927 1035 1080 1100 ‘habebat
1098 1037 1247 1100 Brennus
1267 1038 1351 1101 lecta
1371 1061 1414 1101 ex
1434 1039 1521 1102 omni

16 1155 20 1180 '⁵
124 1145 270 1206 exercitu
285 1142 431 1227 peditum
448 1142 618 1224 sexaginta
633 1141 774 1225 quinque
791 1140 894 1221 milia,
914 1139 1117 1225 Delphorum
1132 1144 1354 1228 sociorumque
1374 1164 1438 1206 non
1458 1145 1521 1206 0101

125 1255 275 1329 quattuor
294 1246 381 1310 milia
401 1244 542 1309 milites
563 1244 674 1308 erant'.
710 1265 792 1328 quae
813 1252 976 1307 structura
995 1265 1191 1328 quamquam
1212 1249 1238 1308 si
1258 1267 1316 1330 per
1337 1267 1370 1307 se
1391 1255 1520 1330 spectas

18 1383 39 1428 g
124 1351 238 1414 Iustini
255 1349 387 1414 dictioni
407 1352 526 1434 optime
542 1351 643 1435 possit
663 1349 832 1428 vindicari,
853 1348 915 1412 hoc
934 1358 1044 1412 tamen
1063 1350 1134 1414 loco
1154 1353 1323 1434 quominus
1343 1352 1521 1434 recipiatur

11 1455 20 1536 ,l
123 1463 208 1519 totus
232 1457 461 1519 sententiarum
485 1477 628 1518 conexus
653 1453 781 1517 obstare
801 1453 940 1518 videtur.
977 1457 1172 1538 quicumque
1195 1457 1281 1518 enim
1304 1453 1390 1518 hunc
1412 1455 1520 1519 locum

126 1558 230 1622 obiter
251 1569 375 1623 tantum
398 1558 526 1642 legerit,
554 1557 651 1622 facile
674 1557 840 1640 intelleget
863 1579 977 1622 vocem
999 1558 1134 1621 ‘milites’
1155 1582 1219 1622 non
1242 1559 1324 1622 bene
1347 1558 1519 1644 quadrare.

10 1675 18 1682 ”
124 1685 199 1726 0010
215 1673 361 1727 nontam
377 1663 418 1726 de
435 1664 531 1726 certis
545 1662 739 1747 quibusdam
752 1661 907 1726 militibus
922 1665 1028 1747 agitur
1043 1684 1141 1747 quam
1154 1663 1194 1726 de
1206 1665 1291 1727 omni
1303 1663 1520 1747 multitudine,

124 1789 220 1852 quam
241 1767 379 1852 Delphis
402 1776 531 1851 praesto
554 1767 654 1831 fuisse
677 1778 837 1831 narratur.
874 1767 908 1831 id
931 1767 1017 1851 quod
1041 1769 1105 1830 iam
1129 1789 1202 1831 curn
1225 1767 1408 1831 Schefferus
1428 1768 1521 1831 intel·
1605 1818 1606 1821 ¹

13 1855 17 1890 ³
122 1871 253 1936 lenisset
275 1872 330 1952 (ef.
344 1872 528 1936 Frotscher.
545 1872 595 1934 111
615 1895 645 1957 p.
664 1870 751 1956 224),
776 1871 912 1934 verbum
928 1871 1064 1934 ‘milites’
1080 1872 1265 1954 glossatoris
1287 1895 1357 1935 esse
1379 1871 1520 1956 ideoque

10 1959 12 1978 ⁵
123 1977 376 2062 expungendum
394 1978 527 2039 censuit.
560 1984 592 2038 et
607 1976 752 2060 profecto
773 1976 866 2039 abest
881 1975 960 2040 illud
981 1998 1000 2037 a
1022 1976 1133 2039 codiee
1154 1976 1190 2059 O,
1211 1978 1244 2038 in
1265 1999 1327 2062 quo
1348 1988 1521 2040 exaratum
1605 1962 1606 1965 ¹

9 2113 16 2166 5'
122 2063 437 2144 100101000111113,
469 2080 603 2144 Ruehlio
620 2081 726 2162 igitur,
744 2081 799 2164 qui
816 2079 962 2143 codicem
978 2079 1004 2142 C
1020 2090 1149 2143 0000100
1164 2080 1244 2144 illud
1260 2081 1396 2144 ‘milites'
1413 2083 1520 2162 eiecit,
1605 2116 1606 2153 3

13 2177 14 2186 ³
122 2184 275 2248 adsentiri
291 2207 355 2247 non
371 2184 493 2248 dubito.

225 2287 358 2352 Accede
374 2289 438 2352 iam
454 2288 496 2351 ad
512 2289 698 2370 genetivum
714 2309 731 2349 e
747 2289 877 2351 nomine
893 2289 1021 2372 proprio
1038 2288 1244 2372 pendentem,
1261 2290 1316 2373 qui
1332 2311 1394 2351 non
1411 2289 1520 2351 minus

9 2413 13 2442 ε
123 2403 171 2456 001
183 2393 300 2475 dignus
312 2393 366 2477 qui
380 2392 578 2456 observetur.
602 2415 677 2455 nam
690 2393 716 2454 si
729 2391 809 2456 duos
823 2390 988 2454 Ciceronis
1001 2391 1098 2472 locos,
1115 2393 1205 2456 Brut.
1218 2391 1269 2474 77,
1280 2392 1342 2455 268
1356 2392 1521 2479 (quorum

9 2511 12 2516 ’
28 2481 29 2484 ¹
122 2496 281 2582 Publius')
298 2507 330 2560 et
345 2496 388 2560 ib.
403 2495 454 2577 83,
467 2495 530 2558 286
548 2496 709 2581 (quorum
725 2494 915 2580 Charisius')
931 2498 1109 2580 exceperiS,
1127 2496 1213 2559 hunc
1228 2499 1414 2579 genetivum
1429 2497 1521 2581 apud
1604 2548 1605 2559 .

8 2581 15 2638 7
123 2603 295 2686 scriptores
311 2604 449 2686 optimae
470 2603 584 2664 aetatis
605 2622 668 2664 non
688 2601 845 2673 invenies,
866 2621 972 2684 neque
993 2600 1196 2664 inferioribus
1217 2600 1416 2685 temporibus
1436 2601 1464 2662 is
1486 2603 1521 2663 in

9 2709 15 2774 J
121 2705 372 2789 frequentiorem
387 2727 481 2770 usum
496 2707 624 2768 venisse
640 2705 778 2768 videtur.
806 2703 905 2787 'longe
926 2705 1113 2788 saepissime
1133 2715 1240 2769 autem
1255 2704 1418 2768 adhibitus
1435 2715 1485 2767 est
1502 2728 1521 2768 a

16 2793 17 2796 ¹
121 2810 225 2891 Livio,
243 2832 260 2873 e
277 2812 368 2873 cuius
384 2810 474 2874 libris
490 2832 644 2892 magnum
661 2810 883 2894 exemplorum
899 2831 1068 2873 numerum
1085 2812 1247 2894 excerpsit
1259 2808 1397 2873 Fabrius
1411 2809 1452 2872 ad
1464 2810 1518 2888 22,

19 2967 20 2970 ,
121 2913 173 2994 40,
190 2914 219 2978 e.
252 2915 285 2976 10
300 2913 423 2978 Iustino
439 2916 579 3000 primum
595 2914 688 2978 huius
708 2936 784 2978 usus
805 2913 935 2977 obviam
956 2913 994 2977 fit
1014 2914 1199 2998 exemplum
1218 2914 1266 2995 11,
1280 2912 1427 2998 2,2(ubi
1444 2936 1519 2978 con·
1603 2988 1604 3001 ¹

122 3018 207 3082 feras
223 3040 305 3103 quae
326 3018 563 3082 adnotaverunt
579 3017 795 3103 interpretes).
827 3019 888 3081 hoc
904 3017 973 3081 loco
994 3031 1025 3080 et
1042 3040 1113 3103 cap.
1128 3017 1156 3098 7,
1172 3018 1188 3079 1
1207 3029 1240 3082 et
1257 3017 1306 3098 12,
1322 3017 1371 3098 14,
1387 3019 1403 3080 1
1419 3016 1518 3102 pleno
1603 3012 1604 3019 ¹

122 3144 281 3186 consensu
300 3122 454 3186 librorum
475 3145 593 3187 nomen
615 3120 794 3186 incolarum
816 3124 955 3205 regionis
975 3122 1217 3203 Macedonicae,
1241 3143 1323 3205 quae
1341 3123 1519 3207 Lyncestis

121 3227 355 3312 appellabatur,
373 3250 447 3292 cum
462 3230 589 3292 nomine
606 3230 735 3312 proprio
752 3227 962 3290 ‘Alexander'
981 3229 1197 3309 coniungitur:
1215 3225 1414 3290 ‘Alexandro
1430 3227 1518 3312 Lyn·
1603 3258 1604 3263 ¹

8 3333 9 3338 ’
121 3332 303 3415 costarum',
321 3332 555 3397 ‘Alexandrum
572 3331 831 3417 Lyncestarum’.
864 3331 922 3394 1100
942 3339 1050 3395 001001
1070 3333 1236 3414 genetivus
1256 3330 1420 3415 Ruehlius,
1441 3354 1518 3395 non-

120 3435 223 3498 mdlos
233 3436 371 3500 editores
381 3439 503 3521 priores
513 3447 650 3518 secutus,
659 3437 780 3522 ubique
790 3436 986 3521 improbavit
995 3444 1027 3497 et
1035 3437 1177 3499 correxit
1191 3437 1240 3517 11,
1249 3435 1518 3520 2,2‘Alexandro

121 3539 328 3624 Lyncestae',
347 3542 396 3622 11,
407 3541 436 3622 7,
449 3543 463 3602 1
479 3541 678 3606 ‘Alexandro
690 3541 876 3625 Lyncesta’,
897 3540 1006 3621 12,14,
1019 3541 1034 3600 1
1049 3539 1284 3604 ‘Alexandrum
1297 3540 1518 3623 Lyncestam’,

121 3665 158 3706 eo
179 3644 350 3726 adductus,
373 3645 458 3731 quod
479 3645 566 3729 apud
583 3645 731 3710 Curtium
748 3645 800 3708 hic
818 3644 1007 3707 Alexander
1024 3643 1213 3707 Alexander
1228 3644 1408 3727 Lyncestes
1424 3667 1518 3708 voca-

120 3756 182 3811 tur.
214 3757 247 3811 01
262 3770 366 3834 neque
383 3749 466 3812 hane
483 3750 523 3813 ob
542 3773 673 3814 causam
688 3771 793 3833 neque
811 3770 847 3811 eo
864 3748 949 3832 quod
964 3747 1092 3812 codices
1104 3750 1231 3812 variant
1245 3749 1330 3812 inter
1341 3751 1518 3834 scripturas
1602 3774 1603 3779 ¹

122 3852 361 3936 lyncestarum,
382 3854 604 3938 lyncistarum,
625 3854 851 3938 lyngistarum'
872 3878 891 3917 0
914 3855 1056 3937 genetivi
1079 3853 1183 3917 forma
1205 3853 1423 3918 recedendum
1447 3877 1518 3918 0000

121 3967 207 4040 puto.
239 3980 314 4022 nam
330 3961 402 4042 quis
418 3968 466 4022 est
482 3961 536 4044 qui
552 3960 665 4023 eredat
681 3958 729 4021 1110
745 3957 823 4022 10010
840 3956 987 4021 omnibus
1004 3957 1090 4021 idem
1104 3958 1241 4022 verbum
1256 3980 1319 4022 uno
1335 3959 1431 4022 modo
1447 3980 1517 4022 esse

122 4062 358 4146 depravatum?
385 4086 424 4126 ac
440 4086 480 4126 ne
497 4075 564 4128 tum
582 4063 721 4148 quidem,
740 4065 766 4126 si
781 4062 843 4126 hoc
859 4085 959 4126 unum
975 4071 1118 4126 exstaret
1133 4063 1220 4147 apud
1236 4064 1395 4127 Iustinum
1412 4087 1519 4128 exem·
1601 4110 1602 4141 3

120 4166 210 4251 plum
226 4169 367 4250 genetivi
384 4191 401 4230 e
418 4169 545 4232 nomine
561 4169 691 4254 proprio
713 4169 869 4254 suspensi,
891 4167 1045 4231 auderem
1067 4168 1215 4231 codicum
1235 4170 1429 4253 scripturam
1449 4171 1517 4232 sine
1601 4170 1603 4245 ξ

120 4273 312 4353 gravissima
324 4295 421 4336 causa
432 4274 563 4348 reicere.
586 4275 650 4336 iam
663 4273 798 4336 alterum
812 4272 913 4337 habes
926 4273 1122 4357 exemplum,
1136 4271 1208 4336 dico
1220 4272 1272 4357 38,
1282 4272 1312 4350 8,
1324 4273 1361 4334 11
1372 4275 1518 4358 ‘quorum

120 4374 332 4462 (legatorum)
356 4376 583 4461 Africanus'.¹)
631 4387 742 4441 000110
769 4377 833 4440 huc
859 4399 924 4441 non
951 4377 1103 4440 videntur
1129 4376 1292 4440 referendi
1317 4377 1379 4442 loci
1406 4376 1519 4462 quales
1600 4402 1601 4449 l

225 4517 244 4581 ¹)
257 4517 308 4566 His
321 4517 449 4582 exemplis
462 4517 632 4583 redarguitur
645 4519 725 4567 etiam
739 4518 810 4582 quod
823 4518 962 4567 contendit
973 4518 1126 4583 Draegerus
1138 4517 1167 4566 1²
1176 4535 1201 4583 p.
1211 4520 1262 4567 457
1275 4518 1345 4568 hanc
1355 4524 1517 4568 structuram
1600 4536 1602 4651 q

120 4610 225 4668 praeter
238 4606 344 4654 Livium
359 4620 488 4670 nusquam
503 4607 625 4656 inveniri.
