3225 5092
1481 243 1543 308 165

144 441 434 524 transgressionem
454 439 529 503 inde
545 447 648 530 ortam
664 461 748 521 esse,
765 436 851 523 quod
867 446 940 522 post
955 438 1033 498 ἀλλά
1048 417 1259 520 enuntiatum,
1275 436 1309 498 in
1324 457 1388 520 quo
1403 435 1542 500 alterum

144 544 251 609 locum
266 550 319 627 γάρ
342 542 524 625 obtinebat,
546 542 767 608 collocabatur
787 543 1067 626 enuntiatumque,
1088 539 1176 626 quod
1194 538 1375 626 particulae
1396 539 1542 604 61116161-

148 648 349 732 iungendum
370 656 453 734 erat,
475 647 696 730 omittebatur,
718 650 745 711 si
764 647 860 710 facile
882 668 940 710 sua
960 646 1052 730 quasi
1073 652 1186 730 sponte
1205 665 1312 730 neque
1330 641 1396 708 ullo
1415 646 1543 728 negotio

146 753 288 840 suppleri
300 760 436 838 poterat,
453 752 553 816 veluti
565 752 651 817 Xen.
666 750 742 836 Oyr.
755 751 789 814 II
803 751 832 836 1,
850 749 900 831 13,
916 751 962 813 ita
977 771 1014 813 eo
1031 749 1115 834 ipso,
1133 747 1219 835 quod
1234 753 1287 830 γάρ
1304 749 1455 813 continuo
1469 757 1544 834 post

146 860 223 919 ἀλλά
234 856 446 942 inserebatur,
460 856 587 922 elucere
601 855 764 921 causalem
780 857 849 919 eius
864 858 931 919 vim
945 857 1011 918 iam
1025 876 1091 918 non
1105 862 1310 941 perspectam
1326 875 1397 916 esse
1412 875 1542 938 persua·

146 984 217 1026 sum
232 960 352 1043 habe03
369 983 467 1047 quam
476 961 518 1026 ob
531 983 600 1025 rem
613 960 863 1046 explicationem
870 959 1107 1024 Brosohmanni
1122 957 1168 1045 (p
1178 956 1246 1044 59),
1259 959 1314 1042 qui
1324 957 1543 1042 compluribus

145 1067 223 1131 locis
239 1067 364 1149 verbis,
386 1088 468 1152 quae
486 1068 687 1131 enuntiatum
703 1065 744 1130 ab
761 1067 838 1127 ἀλλὰ
853 1063 907 1146 γάρ
922 1065 1082 1150 incipiens
1098 1071 1266 1144 secuntur,
1286 1061 1321 1125 id
1340 1063 1543 1128 enuntiatum

112 1201 114 1206 ¹
146 1171 305 1236 contineri
325 1170 506 1256 contendit,
523 1170 609 1261 quod
630 1169 671 1234 ad
692 1172 769 1231 ἀλλά
788 1167 997 1233 referendum
1013 1170 1063 1253 sit,
1078 1165 1167 1232 nullo
1181 1175 1278 1252 pacto
1293 1166 1371 1231 ferri
1386 1189 1480 1254 posse
1495 1190 1543 1232 ar-

143 1275 254 1354 bitror,
272 1277 463 1361 praesertim
479 1277 505 1338 si
520 1276 553 1338 in
568 1275 658 1340 initio
674 1274 743 1339 eius
759 1273 823 1338 alia
839 1273 1021 1337 coniunctio
1037 1270 1164 1356 legitur,
1177 1271 1279 1335 veluti
1288 1271 1367 1334 Her.
1380 1270 1511 1336 111152.
1520 1269 1543 1358 ¹)

249 1378 315 1445 Sed
335 1390 371 1443 ut
389 1382 454 1444 iam
473 1380 508 1442 in
527 1365 620 1443 usum
640 1381 748 1463 ipsum
765 1376 1000 1464 particularum
1020 1378 1098 1438 ἀλλὰ
1121 1381 1175 1458 γάρ
1199 1378 1384 1441 accuratius
1403 1377 1543 1460 inquira-

146 1507 228 1567 mus,
246 1483 458 1570 scriptoribus
475 1483 606 1548 dialecti
620 1483 750 1547 Ionicae
765 1484 793 1546 is
808 1505 873 1546 non
890 1490 960 1547 erat
974 1484 1111 1566 ignotus.
1135 1503 1212 1546 nam
1227 1483 1261 1545 in
1276 1481 1405 1567 scriptis
1420 1480 1543 1567 Hippo-

146 1591 262 1654 crateis
274 1589 464 1675 aliquotiens
476 1610 530 1652 eas
541 1588 680 1652 inveniri
694 1586 919 1668 Kuehlewein,
931 1585 1172 1650 observationes
1187 1585 1228 1650 (16
1239 1608 1300 1650 usu
1312 1585 1543 1670 particularum

145 1696 176 1758 in
197 1693 288 1758 libris
308 1694 537 1780 Hippocrateis
557 1714 588 1776 p.
610 1691 653 1754 44
668 1700 818 1772 testatur3
839 1699 871 1755 et
886 1691 1080 1768 Herodotus,
1102 1689 1191 1775 apud
1206 1711 1302 1775 quem
1318 1689 1458 1754 eundem
1472 1711 1543 1774 par-

144 1798 263 1863 ticulae
277 1798 350 1863 illae
365 1797 428 1862 alio
443 1797 545 1862 verbo
560 1798 750 1882 interposito
766 1795 918 1880 leguntur
933 1794 989 1880 (cf.
1000 1794 1066 1860 VH
1080 1794 1141 1859 158
1162 1797 1229 1856 ἀλλ’
1251 1794 1279 1856 εὖ
1298 1793 1365 1877 γάρ,
1381 1793 1482 1858 VIIII
1501 1793 1542 1858 27

146 1905 212 1964 ἀλλ’
223 1907 252 1964 οὒ
264 1903 342 1985 γάρ),
359 1923 456 1986 quam
468 1902 604 1974 fortasse
616 1900 753 1965 formam
765 1901 962 1985 primitivam
976 1901 1045 1963 eius
1061 1898 1323 1963 conformationis
1335 1898 1434 1962 fuisse
1445 1897 1545 1984 supra

146 2007 351 2088 ostendimus,
367 2008 432 2071 iam
448 2008 525 2070 satis
541 2028 638 2092 saepe
654 2006 700 2070 eis
716 2028 793 2070 usus
809 2015 867 2090 est,
884 2004 985 2068 veluti
1000 2004 1034 2068 Π
1052 2002 1123 2085 139,
1139 2002 1240 2067 VHII
1257 2002 1328 2066 113.

248 2113 423 2176 Diversam
441 2113 600 2175 rationem
624 2111 838 2197 antiquissimi
863 2111 1036 2194 scriptores
1052 2107 1154 2172 Attici
1170 2105 1402 2192 sequebantur,
1421 2109 1542 2193 quippe

146 2218 201 2304 qui
220 2215 299 2281 illud
321 2218 398 2278 ἀλλὰ
417 2221 470 2297 γάρ
491 2218 611 2280 vitasse
631 2215 820 2298 videantur,
842 2213 929 2301 quod
949 2222 1017 2277 tum
1034 2213 1165 2299 quidem
1181 2213 1285 2296 magis
1301 2213 1458 2277 sermonis
1473 2212 1541 2275 vul·

145 2324 232 2406 garis
248 2343 347 2406 quam
369 2321 446 2385 culti
465 2321 563 2384 fuisse
584 2323 739 2406 suspicor.
770 2320 890 2403 legitur
906 2322 992 2384 enim
1011 2316 1236 2383 tantummodo
1253 2315 1352 2401 Gorg.
1368 2316 1438 2382 Pal.
1455 2316 1497 2380 32
1512 2325 1545 2381 et

146 2425 267 2490 AntV
280 2426 322 2489 62
335 2434 422 2489 etex
438 2425 586 2490 omnibus
598 2424 801 2508 Thucydidis
817 2424 908 2488 libris
924 2446 1007 2487 unus
1022 2421 1112 2487 locus
1128 2421 1250 2486 adferri
1264 2429 1372 2506 potest
1384 2420 1496 2502 VIII,
1515 2420 1543 2502 1,

145 2530 201 2594 ubi
217 2530 395 2614 particulae
412 2532 488 2591 ἀλλά
504 2537 536 2592 et
551 2533 606 2611 γάρ
621 2529 736 2592 vocula
752 2532 781 2590 ob
798 2527 1035 2610 disiunguntur.
1066 2529 1100 2590 in
1115 2524 1223 2591 libello
1239 2524 1280 2588 de
1296 2523 1544 2588 Atheniensium

145 2656 180 2697 re
196 2634 329 2719 publica
344 2644 377 2697 et
389 2633 570 2697 Andocidis
587 2632 783 2696 orationibus
799 2632 842 2695 H.
857 2642 889 2694 et
904 2631 964 2694 IH.
977 2652 1018 2695 ne
1033 2653 1134 2695 unum
1149 2629 1280 2715 quidem
1292 2630 1361 2691 eius
1376 2629 1421 2690 rei
1438 2649 1544 2691 exem·

146 2738 234 2823 plum
255 2738 382 2822 legitur.
414 2737 472 2800 sed
492 2739 524 2800 in
545 2739 650 2822 prima
666 2736 847 2801 Andocidis
868 2737 1025 2816 oratione,
1047 2755 1144 2819 quam
1164 2735 1306 2797 maxime
1326 2754 1346 2795 a
1360 2730 1460 2817 polito
1480 2731 1543 2795 ele-

146 2844 299 2928 gantique
315 2841 500 2906 Atticorum
516 2841 647 2905 dicendi
662 2862 782 2924 genere
802 2839 972 2921 recedere,
995 2839 1071 2923 quia
1091 2847 1160 2902 tum
1175 2835 1364 2900 Andocides
1384 2834 1426 2898 ab
1447 2835 1544 2900 exilio

146 2946 332 3030 quindecim
347 2946 416 3010 fere
432 2967 589 3011 annorum
605 2944 700 3009 modo
713 2943 861 3008 Athenas
877 2951 1066 3026 reverterat,
1081 2942 1184 3026 magis
1199 2942 1369 3025 magisque
1380 2938 1459 3003 mihi
1474 2962 1544 3024 per-

148 3051 283 3134 suadac,
299 3050 400 3116 VHII
415 3051 493 3115 locis
514 3053 590 3112 ἀλλὰ
611 3054 663 3131 γάρ
682 3048 815 3132 legitur:
836 3051 875 3129 §g
892 3047 944 3129 22,
965 3046 1017 3130 23,
1039 3046 1091 3128 72,
1110 3044 1272 3127 101,103,
1291 3043 1453 3128 124,128,
1472 3044 1544 3125 130,

149 3156 221 3239 132,
237 3179 299 3241 quo
314 3156 442 3221 accedit
457 3154 547 3243 [IIII]
566 3155 617 3239 37,
633 3176 771 3239 quorum
785 3154 933 3238 inprimis
948 3153 980 3233 ii,
1002 3152 1058 3238 qui
1076 3158 1207 3214 exstant
1218 3153 1258 3232 §ss
1275 3147 1316 3212 12
1333 3157 1365 3211 et
1383 3148 1454 3234 124,
1472 3171 1544 3212 cau·

148 3259 248 3324 salem
268 3262 565 3345 interpretationem
591 3281 656 3323 non
679 3258 862 3321 admittunt.
893 3278 1000 3343 neque
1023 3255 1134 3319 inutile
1158 3264 1207 3318 est
1232 3253 1330 3317 aliam
1356 3256 1544 3336 orationem,

149 3363 250 3452 [Lys]
261 3365 310 3429 VI
319 3368 379 3426 κατ’
393 3367 562 3448 Ἀνδοκίδου,
573 3386 647 3427 cum
659 3361 721 3427 hac
730 3383 919 3446 comparare
932 3361 1047 3425 eodem
1059 3370 1204 3443 tempore
1212 3357 1372 3443 habitam,
1385 3380 1482 3444 quarn
1491 3360 1545 3444 qui

149 3471 286 3554 scripsit,
305 3468 420 3534 eadem
433 3491 496 3553 qua
509 3469 704 3551 antiquiores
717 3466 950 3530 consuetudine
965 3466 1074 3528 utitur.
1098 3466 1132 3527 in
1148 3485 1187 3526 ea
1202 3464 1289 3527 enim
1300 3484 1478 3548 numquam
1492 3468 1545 3543 γάρ

129 3581 131 3588 ’
148 3575 297 3637 continuo
309 3575 400 3637 iuxta
413 3575 489 3634 ἀλλά
502 3581 550 3636 est
562 3570 767 3652 collocatum,
780 3569 837 3634 sed
850 3590 978 3654 semper
990 3568 1051 3632 hae
1063 3565 1241 3654 particulae
1257 3588 1321 3631 uno
1337 3566 1439 3632 verbo
1450 3569 1546 3631 inter·

147 3679 231 3742 iectu
241 3678 481 3760 disiunguntur:
493 3676 621 3740 4061111(
633 3679 842 3751 Λακεδαιμόνιοι
854 3680 918 3758 γάρ,
930 3673 972 3736 48
985 3675 1062 3735 ἀλλὰ
1073 3675 1198 3736 πλουτῶν
1204 3678 1268 3757 γάρ,
1278 3672 1321 3737 50
1330 3675 1397 3735 ἀλλ’
1408 3673 1470 3734 ἐστὲ
1481 3677 1544 3754 γάρ.

252 3780 317 3845 Sed
339 3804 416 3845 mox
435 3780 518 3845 haec
538 3780 634 3866 plane
654 3789 779 3844 mutata
799 3788 883 3843 sunt.
915 3780 1036 3842 etenim
1056 3785 1227 3864 postquam
1242 3777 1375 3864 Lysias,
1395 3777 1452 3862 qui
1472 3798 1546 3840 curn

150 3887 320 3950 Andocide
336 3888 458 3971 primus
475 3885 659 3949 Atticorum
675 3886 759 3949 hanc
771 3884 1063 3949 'conformationem
1079 3884 1279 3968 frequentius
1294 3881 1458 3962 adhibuit,
1475 3902 1547 3944 eam

149 3993 181 4054 in
197 3991 350 4076 loquendi
366 4013 478 4075 genus,
496 3989 582 4076 quod
599 3999 668 4054 erat
682 3993 715 4052 in
732 3989 943 4073 orationibus,
959 3988 1103 4073 induxit,
1119 3987 1278 4069 Isocrates
1293 4007 1366 4051 eam
1382 3986 1424 4048 ad
1439 3986 1547 4049 varias

148 4095 268 4179 figuras
290 4094 522 4160 construendas
544 4094 699 4158 adhibere
716 4097 896 4176 consuevit,
919 4093 960 4157 de
980 4092 1099 4178 quibus
1114 4100 1244 4178 praeter
1260 4089 1470 4156 Gebauerum
1486 4089 1547 4152 dis-

147 4203 275 4285 putavit
290 4199 477 4285 Ljungdahl
493 4221 547 4285 pp.
564 4198 617 4283 57,
633 4197 686 4283 59,
703 4197 754 4262 65.
786 4208 884 4284 atque
899 4199 933 4262 in
949 4197 1019 4262 dies
1034 4199 1132 4262 etiam
1147 4197 1251 4280 magis
1267 4197 1297 4259 ei
1311 4192 1485 4280 favebat,²)
1502 4195 1548 4257 ita

255 4393 275 4460 ¹)
294 4393 420 4444 Ceterum
439 4394 470 4444 cf.
485 4393 656 4444 Gebauerum
674 4393 703 4441 in
720 4392 761 4441 ed.
772 4391 834 4457 Lya.
845 4408 869 4457 p.
883 4393 932 4441 491
946 4407 995 4456 sq,
1008 4392 1063 4456 qui,
1081 4391 1177 4455 quibus
1194 4389 1314 4440 consiliis
1331 4393 1448 4439 oratores
1464 4388 1547 4438 Attici

148 4483 188 4531 his
201 4481 305 4532 voculis
317 4483 467 4531 coniunctis
479 4484 521 4531 usi
533 4483 594 4544 sint,
609 4482 720 4545 exponit
732 4479 794 4529 inde
809 4495 825 4529 a
837 4497 862 4544 p.
876 4480 935 4529 486.

253 4568 274 4634 ²)
293 4567 332 4621 Of.
346 4583 414 4633 quae
428 4568 494 4618 dicit
505 4568 580 4618 Fuhr
592 4569 661 4618 Mus.
676 4567 762 4618 Rhen.
773 4567 893 4617 XXXIII
904 4568 967 4616 334:
987 4562 1052 4616 ἀλλὰ
1064 4561 1111 4632 γάρ
1124 4565 1182 4615 ltebt
1195 4564 1317 4615 16666166
1328 4564 1400 4625 sehr,
1415 4561 1548 4614 waldero

147 4659 175 4706 ia
187 4656 238 4707 den
249 4661 368 4722 aptiterea
380 4653 477 4707 Redeo.
