<?xml version="1.0" encoding="UTF-8"?>
<!DOCTYPE html PUBLIC "-//W3C//DTD XHTML 1.0 Transitional//EN"
    "http://www.w3.org/TR/xhtml1/DTD/xhtml1-transitional.dtd">
<html xmlns="http://www.w3.org/1999/xhtml" xml:lang="en" lang="en">
 <head>
  <title>
</title>
<meta http-equiv="Content-Type" content="text/html;charset=utf-8" />
  <meta name='ocr-system' content='tesseract 3.04.00' />
  <meta name='ocr-capabilities' content='ocr_page ocr_carea ocr_par ocr_line ocrx_word'/>
</head>
<body>
  <div class='ocr_page' id='page_1' title='image "./dissertationesp06wiengoog_0026.png"; bbox 0 0 3225 5092; ppageno 0'>
   <div class='ocr_carea' id='block_1_1' title="bbox 1473 217 1512 284">
    <p class='ocr_par' dir='ltr' id='par_1_1' title="bbox 1473 217 1512 284">
     <span class='ocr_line' id='line_1_1' title="bbox 1473 217 1512 284; baseline 0.077 -3"><span class='ocrx_word' id='word_1_1' title='bbox 1473 217 1512 284; x_wconf 80' lang='lat'>15</span> 
     </span>
    </p>
   </div>
   <div class='ocr_carea' id='block_1_2' title="bbox 108 405 1600 3311">
    <p class='ocr_par' dir='ltr' id='par_1_2' title="bbox 115 405 1514 910">
     <span class='ocr_line' id='line_1_2' title="bbox 117 405 1512 493; baseline 0.001 -23"><span class='ocrx_word' id='word_1_2' title='bbox 117 409 256 471; x_wconf 81' lang='lat' dir='ltr'><strong>carmine</strong></span> <span class='ocrx_word' id='word_1_3' title='bbox 277 406 386 471; x_wconf 87' lang='lat' dir='ltr'>refert&#39;</span> <span class='ocrx_word' id='word_1_4' title='bbox 409 405 592 491; x_wconf 74' lang='lat' dir='ltr'>adparet31)</span> <span class='ocrx_word' id='word_1_5' title='bbox 611 405 723 471; x_wconf 83' lang='lat' dir='ltr'>Titinii</span> <span class='ocrx_word' id='word_1_6' title='bbox 742 413 850 471; x_wconf 90' lang='lat' dir='ltr'>autem</span> <span class='ocrx_word' id='word_1_7' title='bbox 869 406 957 471; x_wconf 89' lang='lat' dir='ltr'>hunc</span> <span class='ocrx_word' id='word_1_8' title='bbox 976 406 1094 489; x_wconf 88' lang='lat' dir='ltr'>locum,</span> <span class='ocrx_word' id='word_1_9' title='bbox 1115 427 1211 493; x_wconf 89' lang='lat' dir='ltr'>quem</span> <span class='ocrx_word' id='word_1_10' title='bbox 1231 417 1303 493; x_wconf 90' lang='lat' dir='ltr'>post</span> <span class='ocrx_word' id='word_1_11' title='bbox 1317 408 1439 493; x_wconf 84' lang='lat' dir='ltr'>Nigidii</span> <span class='ocrx_word' id='word_1_12' title='bbox 1459 432 1512 472; x_wconf 85' lang='lat' dir='ltr'>ex·</span> 
     </span>
     <span class='ocr_line' id='line_1_3' title="bbox 118 510 1513 598; baseline 0.001 -22"><span class='ocrx_word' id='word_1_13' title='bbox 118 512 323 597; x_wconf 86' lang='lat' dir='ltr'>plicationem</span> <span class='ocrx_word' id='word_1_14' title='bbox 338 511 462 576; x_wconf 89' lang='lat' dir='ltr'>Nonius</span> <span class='ocrx_word' id='word_1_15' title='bbox 477 513 593 596; x_wconf 79' lang='lat' dir='ltr'>posuit,</span> <span class='ocrx_word' id='word_1_16' title='bbox 614 511 656 574; x_wconf 90' lang='lat' dir='ltr'>ab</span> <span class='ocrx_word' id='word_1_17' title='bbox 676 514 746 598; x_wconf 90' lang='lat' dir='ltr'>ipso</span> <span class='ocrx_word' id='word_1_18' title='bbox 761 511 876 594; x_wconf 86' lang='lat' dir='ltr'>Figulo</span> <span class='ocrx_word' id='word_1_19' title='bbox 896 510 1040 576; x_wconf 90' lang='lat' dir='ltr'>adlatum</span> <span class='ocrx_word' id='word_1_20' title='bbox 1061 534 1146 596; x_wconf 88' lang='lat' dir='ltr'>esse,</span> <span class='ocrx_word' id='word_1_21' title='bbox 1167 533 1204 576; x_wconf 90' lang='lat' dir='ltr'>eo</span> <span class='ocrx_word' id='word_1_22' title='bbox 1225 515 1295 576; x_wconf 89' lang='lat' dir='ltr'>veri</span> <span class='ocrx_word' id='word_1_23' title='bbox 1315 513 1447 578; x_wconf 87' lang='lat' dir='ltr'>similius</span> <span class='ocrx_word' id='word_1_24' title='bbox 1466 514 1513 598; x_wconf 81' lang='lat' dir='ltr'>fit,</span> 
     </span>
     <span class='ocr_line' id='line_1_4' title="bbox 117 615 1514 702; baseline 0.002 -23"><span class='ocrx_word' id='word_1_25' title='bbox 117 615 200 700; x_wconf 93' lang='lat' dir='ltr'>quod</span> <span class='ocrx_word' id='word_1_26' title='bbox 212 615 449 682; x_wconf 84' lang='lat' dir='ltr'>Titinianorum</span> <span class='ocrx_word' id='word_1_27' title='bbox 465 615 686 701; x_wconf 88' lang='lat' dir='ltr'>exemplorum</span> <span class='ocrx_word' id='word_1_28' title='bbox 703 616 790 702; x_wconf 91' lang='lat' dir='ltr'>apud</span> <span class='ocrx_word' id='word_1_29' title='bbox 801 617 943 680; x_wconf 85' lang='lat' dir='ltr'>Nonium</span> <span class='ocrx_word' id='word_1_30' title='bbox 958 615 1035 680; x_wconf 93' lang='lat' dir='ltr'>nulli</span> <span class='ocrx_word' id='word_1_31' title='bbox 1052 616 1181 680; x_wconf 85' lang='lat' dir='ltr'>ordines</span> <span class='ocrx_word' id='word_1_32' title='bbox 1197 619 1414 683; x_wconf 90' lang='lat' dir='ltr'>inveniuntur.</span> <span class='ocrx_word' id='word_1_33' title='bbox 1439 629 1514 683; x_wconf 89' lang='lat' dir='ltr'>sunt</span> 
     </span>
     <span class='ocr_line' id='line_1_5' title="bbox 115 719 1512 808; baseline 0 -24"><span class='ocrx_word' id='word_1_34' title='bbox 115 722 212 804; x_wconf 87' lang='lat' dir='ltr'>igitur</span> <span class='ocrx_word' id='word_1_35' title='bbox 227 721 339 785; x_wconf 82' lang='lat' dir='ltr'>Titinii</span> <span class='ocrx_word' id='word_1_36' title='bbox 353 719 467 804; x_wconf 80' lang='lat' dir='ltr'>verba,</span> <span class='ocrx_word' id='word_1_37' title='bbox 483 741 565 805; x_wconf 92' lang='lat' dir='ltr'>quae</span> <span class='ocrx_word' id='word_1_38' title='bbox 578 719 748 803; x_wconf 90' lang='lat' dir='ltr'>Nigidium</span> <span class='ocrx_word' id='word_1_39' title='bbox 763 721 947 806; x_wconf 80' lang='lat' dir='ltr'>respexisse</span> <span class='ocrx_word' id='word_1_40' title='bbox 963 730 1052 805; x_wconf 81' lang='lat' dir='ltr'>puto,</span> <span class='ocrx_word' id='word_1_41' title='bbox 1067 719 1163 784; x_wconf 88' lang='lat' dir='ltr'>haec:</span> <span class='ocrx_word' id='word_1_42' title='bbox 1185 721 1330 785; x_wconf 77' lang='lat' dir='ltr'>‘stultitia</span> <span class='ocrx_word' id='word_1_43' title='bbox 1350 721 1512 808; x_wconf 85' lang='lat' dir='ltr'>cupidinis</span> 
     </span>
     <span class='ocr_line' id='line_1_6' title="bbox 117 823 1211 910; baseline 0 -22"><span class='ocrx_word' id='word_1_44' title='bbox 117 825 252 910; x_wconf 67' lang='lat' dir='ltr'>:Petunt</span> <span class='ocrx_word' id='word_1_45' title='bbox 268 823 449 906; x_wconf 76' lang='lat' dir='ltr'>consitium,</span> <span class='ocrx_word' id='word_1_46' title='bbox 466 824 552 888; x_wconf 79' lang='lat' dir='ltr'>bona</span> <span class='ocrx_word' id='word_1_47' title='bbox 566 823 724 889; x_wconf 82' lang='lat' dir='ltr'>bondrum</span> <span class='ocrx_word' id='word_1_48' title='bbox 740 826 846 908; x_wconf 76' lang='lat' dir='ltr'>gratia</span> <span class='ocrx_word' id='word_1_49' title='bbox 865 823 870 910; x_wconf 79' lang='grc' dir='ltr'>Ι</span> <span class='ocrx_word' id='word_1_50' title='bbox 889 824 987 889; x_wconf 89' lang='lat' dir='ltr'>Parvi</span> <span class='ocrx_word' id='word_1_51' title='bbox 1003 826 1039 888; x_wconf 79' lang='lat' dir='ltr'>rit</span> <span class='ocrx_word' id='word_1_52' title='bbox 1053 825 1211 890; x_wconf 76' lang='lat' dir='ltr'>iaciatur&#39;.</span> 
     </span>
    </p>

    <p class='ocr_par' dir='ltr' id='par_1_3' title="bbox 108 928 1600 3311">
     <span class='ocr_line' id='line_1_7' title="bbox 215 928 1511 1015; baseline 0 -21"><span class='ocrx_word' id='word_1_53' title='bbox 215 929 322 1014; x_wconf 86' lang='lat' dir='ltr'>Magis</span> <span class='ocrx_word' id='word_1_54' title='bbox 338 937 446 995; x_wconf 90' lang='lat' dir='ltr'>autem</span> <span class='ocrx_word' id='word_1_55' title='bbox 465 930 499 996; x_wconf 89' lang='lat' dir='ltr'>in</span> <span class='ocrx_word' id='word_1_56' title='bbox 519 951 558 994; x_wconf 88' lang='lat' dir='ltr'>ca</span> <span class='ocrx_word' id='word_1_57' title='bbox 577 950 613 992; x_wconf 90' lang='lat' dir='ltr'>re</span> <span class='ocrx_word' id='word_1_58' title='bbox 633 928 675 993; x_wconf 93' lang='lat' dir='ltr'>ab</span> <span class='ocrx_word' id='word_1_59' title='bbox 691 928 826 993; x_wconf 83' lang='lat' dir='ltr'>Hertzio</span> <span class='ocrx_word' id='word_1_60' title='bbox 846 929 1012 1010; x_wconf 87' lang='lat' dir='ltr'>dissentio,</span> <span class='ocrx_word' id='word_1_61' title='bbox 1033 928 1121 1014; x_wconf 90' lang='lat' dir='ltr'>quod</span> <span class='ocrx_word' id='word_1_62' title='bbox 1139 951 1205 994; x_wconf 94' lang='lat' dir='ltr'>non</span> <span class='ocrx_word' id='word_1_63' title='bbox 1227 929 1350 1012; x_wconf 79' lang='lat' dir='ltr'>dubito,</span> <span class='ocrx_word' id='word_1_64' title='bbox 1370 932 1448 1015; x_wconf 90' lang='lat' dir='ltr'>quin</span> <span class='ocrx_word' id='word_1_65' title='bbox 1463 953 1511 1012; x_wconf 86' lang='lat' dir='ltr'>ea,</span> 
     </span>
     <span class='ocr_line' id='line_1_8' title="bbox 116 1031 1513 1119; baseline 0.001 -22"><span class='ocrx_word' id='word_1_66' title='bbox 116 1057 197 1119; x_wconf 91' lang='lat' dir='ltr'>quae</span> <span class='ocrx_word' id='word_1_67' title='bbox 214 1034 341 1099; x_wconf 91' lang='lat' dir='ltr'>Nonius</span> <span class='ocrx_word' id='word_1_68' title='bbox 361 1056 392 1119; x_wconf 91' lang='lat' dir='ltr'>p.</span> <span class='ocrx_word' id='word_1_69' title='bbox 404 1033 457 1116; x_wconf 90' lang='grc'>40,</span> <span class='ocrx_word' id='word_1_70' title='bbox 481 1032 521 1097; x_wconf 83' lang='grc'>15</span> <span class='ocrx_word' id='word_1_71' title='bbox 538 1056 562 1098; x_wconf 88' lang='lat' dir='ltr'>s.</span> <span class='ocrx_word' id='word_1_72' title='bbox 575 1055 606 1096; x_wconf 88' lang='lat' dir='ltr'>v.</span> <span class='ocrx_word' id='word_1_73' title='bbox 625 1032 826 1096; x_wconf 84' lang='lat' dir='ltr'>‘Tintinnire&#39;</span> <span class='ocrx_word' id='word_1_74' title='bbox 843 1055 860 1096; x_wconf 88' lang='lat' dir='ltr'>c</span> <span class='ocrx_word' id='word_1_75' title='bbox 875 1031 997 1117; x_wconf 84' lang='lat' dir='ltr'>Nigidii</span> <span class='ocrx_word' id='word_1_76' title='bbox 1017 1032 1099 1096; x_wconf 94' lang='lat' dir='ltr'>libro</span> <span class='ocrx_word' id='word_1_77' title='bbox 1116 1032 1242 1098; x_wconf 88' lang='lat' dir='ltr'>XVIII.</span> <span class='ocrx_word' id='word_1_78' title='bbox 1260 1035 1365 1119; x_wconf 90' lang='lat' dir='ltr'>operis</span> <span class='ocrx_word' id='word_1_79' title='bbox 1384 1035 1513 1098; x_wconf 91' lang='lat' dir='ltr'>nomine</span> 
     </span>
     <span class='ocr_line' id='line_1_9' title="bbox 115 1136 1514 1223; baseline -0.001 -19"><span class='ocrx_word' id='word_1_80' title='bbox 115 1139 233 1204; x_wconf 91' lang='lat' dir='ltr'>omisso</span> <span class='ocrx_word' id='word_1_81' title='bbox 249 1138 367 1221; x_wconf 84' lang='lat' dir='ltr'>adfert,</span> <span class='ocrx_word' id='word_1_82' title='bbox 384 1139 425 1202; x_wconf 92' lang='lat' dir='ltr'>ad</span> <span class='ocrx_word' id='word_1_83' title='bbox 442 1137 599 1222; x_wconf 89' lang='lat' dir='ltr'>hocopus</span> <span class='ocrx_word' id='word_1_84' title='bbox 614 1138 864 1221; x_wconf 89' lang='lat' dir='ltr'>grammaticum</span> <span class='ocrx_word' id='word_1_85' title='bbox 878 1136 1050 1202; x_wconf 88' lang='lat' dir='ltr'>referenda</span> <span class='ocrx_word' id='word_1_86' title='bbox 1065 1139 1138 1220; x_wconf 86' lang='lat' dir='ltr'>sint,</span> <span class='ocrx_word' id='word_1_87' title='bbox 1155 1159 1351 1223; x_wconf 90' lang='lat' dir='ltr'>quamquam</span> <span class='ocrx_word' id='word_1_88' title='bbox 1361 1137 1514 1204; x_wconf 82' lang='lat' dir='ltr'>Hertzius</span> 
     </span>
     <span class='ocr_line' id='line_1_10' title="bbox 114 1241 1514 1330; baseline -0.001 -22"><span class='ocrx_word' id='word_1_89' title='bbox 114 1245 134 1308; x_wconf 88' lang='lat' dir='ltr'>l.</span> <span class='ocrx_word' id='word_1_90' title='bbox 157 1267 185 1308; x_wconf 92' lang='lat' dir='ltr'>c.</span> <span class='ocrx_word' id='word_1_91' title='bbox 203 1265 235 1330; x_wconf 91' lang='lat' dir='ltr'>p.</span> <span class='ocrx_word' id='word_1_92' title='bbox 258 1244 308 1326; x_wconf 89' lang='lat'>11,</span> <span class='ocrx_word' id='word_1_93' title='bbox 332 1243 406 1309; x_wconf 88' lang='lat' dir='ltr'>adn.</span> <span class='ocrx_word' id='word_1_94' title='bbox 427 1243 443 1304; x_wconf 88' lang='lat'>1</span> <span class='ocrx_word' id='word_1_95' title='bbox 471 1242 532 1307; x_wconf 93' lang='lat' dir='ltr'>hoc</span> <span class='ocrx_word' id='word_1_96' title='bbox 555 1241 773 1325; x_wconf 80' lang='lat' dir='ltr'>fragmentum</span> <span class='ocrx_word' id='word_1_97' title='bbox 796 1264 816 1304; x_wconf 92' lang='lat' dir='ltr'>a</span> <span class='ocrx_word' id='word_1_98' title='bbox 837 1242 1010 1326; x_wconf 88' lang='lat' dir='ltr'>Rutgersio</span> <span class='ocrx_word' id='word_1_99' title='bbox 1033 1241 1057 1306; x_wconf 92' lang='lat' dir='ltr'>l.</span> <span class='ocrx_word' id='word_1_100' title='bbox 1072 1264 1099 1307; x_wconf 92' lang='lat' dir='ltr'>c.</span> <span class='ocrx_word' id='word_1_101' title='bbox 1118 1265 1149 1328; x_wconf 90' lang='lat' dir='ltr'>p.</span> <span class='ocrx_word' id='word_1_102' title='bbox 1168 1241 1232 1306; x_wconf 82' lang='lat'>286</span> <span class='ocrx_word' id='word_1_103' title='bbox 1254 1244 1338 1307; x_wconf 89' lang='lat' dir='ltr'>inter</span> <span class='ocrx_word' id='word_1_104' title='bbox 1360 1242 1514 1328; x_wconf 87' lang='lat' dir='ltr'>reliquias</span> 
     </span>
     <span class='ocr_line' id='line_1_11' title="bbox 112 1345 1511 1432; baseline -0.001 -19"><span class='ocrx_word' id='word_1_105' title='bbox 112 1348 269 1413; x_wconf 91' lang='lat' dir='ltr'>librorum</span> <span class='ocrx_word' id='word_1_106' title='bbox 287 1346 338 1411; x_wconf 90' lang='lat' dir='ltr'>‘de</span> <span class='ocrx_word' id='word_1_107' title='bbox 355 1346 425 1411; x_wconf 90' lang='lat' dir='ltr'>diis&#39;</span> <span class='ocrx_word' id='word_1_108' title='bbox 439 1355 527 1410; x_wconf 88' lang='lat' dir='ltr'>recte</span> <span class='ocrx_word' id='word_1_109' title='bbox 542 1347 683 1432; x_wconf 91' lang='lat' dir='ltr'>positum</span> <span class='ocrx_word' id='word_1_110' title='bbox 698 1367 769 1410; x_wconf 89' lang='lat' dir='ltr'>esse</span> <span class='ocrx_word' id='word_1_111' title='bbox 784 1347 920 1431; x_wconf 86' lang='lat' dir='ltr'>putavit.</span> <span class='ocrx_word' id='word_1_112' title='bbox 951 1367 991 1410; x_wconf 92' lang='lat' dir='ltr'>ac</span> <span class='ocrx_word' id='word_1_113' title='bbox 1006 1345 1124 1410; x_wconf 89' lang='lat' dir='ltr'>falsum</span> <span class='ocrx_word' id='word_1_114' title='bbox 1136 1367 1206 1410; x_wconf 87' lang='lat' dir='ltr'>esse</span> <span class='ocrx_word' id='word_1_115' title='bbox 1218 1346 1427 1430; x_wconf 90' lang='lat' dir='ltr'>Rutgersium</span> <span class='ocrx_word' id='word_1_116' title='bbox 1439 1369 1511 1429; x_wconf 82' lang='lat' dir='ltr'>eon-</span> 
     </span>
     <span class='ocr_line' id='line_1_12' title="bbox 112 1449 1507 1537; baseline -0.001 -21"><span class='ocrx_word' id='word_1_117' title='bbox 112 1461 224 1535; x_wconf 87' lang='lat' dir='ltr'>staret,</span> <span class='ocrx_word' id='word_1_118' title='bbox 248 1453 275 1516; x_wconf 91' lang='lat' dir='ltr'>si</span> <span class='ocrx_word' id='word_1_119' title='bbox 291 1450 408 1535; x_wconf 77' lang='lat' dir='ltr'>verba,</span> <span class='ocrx_word' id='word_1_120' title='bbox 429 1472 512 1536; x_wconf 87' lang='lat' dir='ltr'>quac</span> <span class='ocrx_word' id='word_1_121' title='bbox 533 1450 746 1532; x_wconf 85' lang='lat' dir='ltr'>antecedunt,</span> <span class='ocrx_word' id='word_1_122' title='bbox 766 1472 810 1514; x_wconf 87' lang='lat' dir='ltr'>ex</span> <span class='ocrx_word' id='word_1_123' title='bbox 829 1449 959 1516; x_wconf 89' lang='lat' dir='ltr'>Afranii</span> <span class='ocrx_word' id='word_1_124' title='bbox 976 1450 1138 1537; x_wconf 82' lang='lat' dir='ltr'>‘Vopisco&#39;</span> <span class='ocrx_word' id='word_1_125' title='bbox 1159 1460 1301 1536; x_wconf 86' lang='lat' dir='ltr'>sumpta:</span> <span class='ocrx_word' id='word_1_126' title='bbox 1318 1450 1507 1515; x_wconf 84' lang='lat' dir='ltr'>‘Tintinnire</span> 
     </span>
     <span class='ocr_line' id='line_1_13' title="bbox 112 1553 1512 1645; baseline 0 -25"><span class='ocrx_word' id='word_1_127' title='bbox 112 1558 255 1622; x_wconf 89' lang='lat' dir='ltr'>ianitoris</span> <span class='ocrx_word' id='word_1_128' title='bbox 278 1553 511 1640; x_wconf 87' lang='lat' dir='ltr'>impedimenta</span> <span class='ocrx_word' id='word_1_129' title='bbox 530 1553 635 1628; x_wconf 88' lang='lat' dir='ltr'>audio’</span> <span class='ocrx_word' id='word_1_130' title='bbox 656 1555 720 1619; x_wconf 91' lang='lat' dir='ltr'>iam</span> <span class='ocrx_word' id='word_1_131' title='bbox 740 1578 760 1620; x_wconf 91' lang='lat' dir='ltr'>a</span> <span class='ocrx_word' id='word_1_132' title='bbox 778 1553 922 1638; x_wconf 80' lang='lat' dir='ltr'>Nigidio,</span> <span class='ocrx_word' id='word_1_133' title='bbox 945 1554 988 1620; x_wconf 88' lang='lat' dir='ltr'>ad</span> <span class='ocrx_word' id='word_1_134' title='bbox 1009 1575 1107 1639; x_wconf 90' lang='lat' dir='ltr'>quern</span> <span class='ocrx_word' id='word_1_135' title='bbox 1127 1554 1314 1645; x_wconf 85' lang='lat' dir='ltr'>exemplum</span> <span class='ocrx_word' id='word_1_136' title='bbox 1335 1576 1377 1619; x_wconf 87' lang='lat' dir='ltr'>ex</span> <span class='ocrx_word' id='word_1_137' title='bbox 1397 1555 1512 1620; x_wconf 87' lang='lat' dir='ltr'>eadem</span> 
     </span>
     <span class='ocr_line' id='line_1_14' title="bbox 114 1657 1513 1744; baseline -0.001 -20"><span class='ocrx_word' id='word_1_138' title='bbox 114 1660 224 1725; x_wconf 85' lang='lat' dir='ltr'>fabula</span> <span class='ocrx_word' id='word_1_139' title='bbox 243 1682 267 1723; x_wconf 89' lang='lat' dir='ltr'>s.</span> <span class='ocrx_word' id='word_1_140' title='bbox 281 1682 311 1723; x_wconf 87' lang='lat' dir='ltr'>v.</span> <span class='ocrx_word' id='word_1_141' title='bbox 327 1657 511 1724; x_wconf 88' lang='lat' dir='ltr'>‘Mulierosi&#39;</span> <span class='ocrx_word' id='word_1_142' title='bbox 528 1659 690 1744; x_wconf 88' lang='lat' dir='ltr'>prolatum</span> <span class='ocrx_word' id='word_1_143' title='bbox 706 1657 917 1723; x_wconf 88' lang='lat' dir='ltr'>referendum</span> <span class='ocrx_word' id='word_1_144' title='bbox 931 1680 1003 1723; x_wconf 90' lang='lat' dir='ltr'>esse</span> <span class='ocrx_word' id='word_1_145' title='bbox 1017 1660 1156 1742; x_wconf 79' lang='lat' dir='ltr'>videtur,</span> <span class='ocrx_word' id='word_1_146' title='bbox 1171 1658 1282 1724; x_wconf 87' lang='lat' dir='ltr'>adlata</span> <span class='ocrx_word' id='word_1_147' title='bbox 1297 1659 1396 1724; x_wconf 86' lang='lat' dir='ltr'>fuisse</span> <span class='ocrx_word' id='word_1_148' title='bbox 1411 1661 1513 1724; x_wconf 90' lang='lat' dir='ltr'>iirmis</span> 
     </span>
     <span class='ocr_line' id='line_1_15' title="bbox 112 1762 1560 1857; baseline -0.001 -28"><span class='ocrx_word' id='word_1_149' title='bbox 112 1766 312 1849; x_wconf 81' lang='lat' dir='ltr'>argumentis</span> <span class='ocrx_word' id='word_1_150' title='bbox 334 1763 460 1829; x_wconf 87' lang='lat' dir='ltr'>ostendi</span> <span class='ocrx_word' id='word_1_151' title='bbox 481 1772 602 1850; x_wconf 79' lang='lat' dir='ltr'>posset3</span> <span class='ocrx_word' id='word_1_152' title='bbox 627 1762 685 1830; x_wconf 86' lang='lat' dir='ltr'>sed</span> <span class='ocrx_word' id='word_1_153' title='bbox 707 1785 813 1848; x_wconf 89' lang='lat' dir='ltr'>neque</span> <span class='ocrx_word' id='word_1_154' title='bbox 827 1763 898 1828; x_wconf 83' lang='lat' dir='ltr'>boc</span> <span class='ocrx_word' id='word_1_155' title='bbox 921 1773 1046 1829; x_wconf 87' lang='lat' dir='ltr'>certum</span> <span class='ocrx_word' id='word_1_156' title='bbox 1066 1773 1116 1827; x_wconf 91' lang='lat' dir='ltr'>est</span> <span class='ocrx_word' id='word_1_157' title='bbox 1138 1785 1245 1849; x_wconf 90' lang='lat' dir='ltr'>neque</span> <span class='ocrx_word' id='word_1_158' title='bbox 1265 1785 1307 1828; x_wconf 87' lang='lat' dir='ltr'>ex</span> <span class='ocrx_word' id='word_1_159' title='bbox 1327 1765 1405 1850; x_wconf 90' lang='lat' dir='ltr'>ipsis</span> <span class='ocrx_word' id='word_1_160' title='bbox 1428 1763 1512 1848; x_wconf 86' lang='lat' dir='ltr'>frag·</span> <span class='ocrx_word' id='word_1_161' title='bbox 1556 1847 1560 1857; x_wconf 29' lang='grc' dir='ltr'>ι</span> 
     </span>
     <span class='ocr_line' id='line_1_16' title="bbox 112 1866 1513 1949; baseline -0.001 -15"><span class='ocrx_word' id='word_1_162' title='bbox 112 1871 215 1934; x_wconf 91' lang='lat' dir='ltr'>menti</span> <span class='ocrx_word' id='word_1_163' title='bbox 235 1867 349 1932; x_wconf 91' lang='lat' dir='ltr'>verbis</span> <span class='ocrx_word' id='word_1_164' title='bbox 370 1876 460 1932; x_wconf 89' lang='lat' dir='ltr'>certa</span> <span class='ocrx_word' id='word_1_165' title='bbox 480 1866 587 1930; x_wconf 88' lang='lat' dir='ltr'>elucet</span> <span class='ocrx_word' id='word_1_166' title='bbox 606 1869 774 1932; x_wconf 89' lang='lat' dir='ltr'>sententia.</span> <span class='ocrx_word' id='word_1_167' title='bbox 805 1866 905 1931; x_wconf 91' lang='lat' dir='ltr'>nihilo</span> <span class='ocrx_word' id='word_1_168' title='bbox 925 1869 1032 1933; x_wconf 92' lang='lat' dir='ltr'>minus</span> <span class='ocrx_word' id='word_1_169' title='bbox 1051 1876 1161 1932; x_wconf 88' lang='lat' dir='ltr'>tamen</span> <span class='ocrx_word' id='word_1_170' title='bbox 1178 1868 1327 1949; x_wconf 87' lang='lat' dir='ltr'>fortasse,</span> <span class='ocrx_word' id='word_1_171' title='bbox 1347 1868 1390 1932; x_wconf 87' lang='lat' dir='ltr'>ad</span> <span class='ocrx_word' id='word_1_172' title='bbox 1405 1876 1513 1934; x_wconf 91' lang='lat' dir='ltr'>utrum</span> 
     </span>
     <span class='ocr_line' id='line_1_17' title="bbox 110 1971 1513 2058; baseline 0 -22"><span class='ocrx_word' id='word_1_173' title='bbox 110 1973 234 2057; x_wconf 91' lang='lat' dir='ltr'>Nigidii</span> <span class='ocrx_word' id='word_1_174' title='bbox 250 1994 342 2058; x_wconf 73' lang='lat' dir='ltr'>opus</span> <span class='ocrx_word' id='word_1_175' title='bbox 365 1971 563 2058; x_wconf 85' lang='lat' dir='ltr'>probabilius</span> <span class='ocrx_word' id='word_1_176' title='bbox 589 1971 623 2034; x_wconf 92' lang='lat' dir='ltr'>id</span> <span class='ocrx_word' id='word_1_177' title='bbox 649 1971 822 2053; x_wconf 88' lang='lat' dir='ltr'>referatur,</span> <span class='ocrx_word' id='word_1_178' title='bbox 851 1973 1037 2037; x_wconf 89' lang='lat' dir='ltr'>coniectura</span> <span class='ocrx_word' id='word_1_179' title='bbox 1065 1971 1228 2038; x_wconf 87' lang='lat' dir='ltr'>enucleari</span> <span class='ocrx_word' id='word_1_180' title='bbox 1255 1972 1401 2058; x_wconf 68' lang='lat' dir='ltr'>potestl)</span> <span class='ocrx_word' id='word_1_181' title='bbox 1439 1984 1513 2036; x_wconf 88' lang='lat' dir='ltr'>sunt</span> 
     </span>
     <span class='ocr_line' id='line_1_18' title="bbox 111 2075 1512 2160; baseline 0.001 -20"><span class='ocrx_word' id='word_1_182' title='bbox 111 2079 196 2142; x_wconf 90' lang='lat' dir='ltr'>enim</span> <span class='ocrx_word' id='word_1_183' title='bbox 211 2075 313 2140; x_wconf 88' lang='lat' dir='ltr'>verba</span> <span class='ocrx_word' id='word_1_184' title='bbox 328 2075 423 2140; x_wconf 89' lang='lat' dir='ltr'>haec:</span> <span class='ocrx_word' id='word_1_185' title='bbox 446 2076 564 2160; x_wconf 80' lang='lat' dir='ltr'>‘itaque</span> <span class='ocrx_word' id='word_1_186' title='bbox 585 2097 627 2138; x_wconf 87' lang='lat' dir='ltr'>ex</span> <span class='ocrx_word' id='word_1_187' title='bbox 646 2097 681 2140; x_wconf 91' lang='lat' dir='ltr'>re</span> <span class='ocrx_word' id='word_1_188' title='bbox 702 2077 734 2140; x_wconf 93' lang='lat' dir='ltr'>in</span> <span class='ocrx_word' id='word_1_189' title='bbox 763 2076 932 2142; x_wconf 85' lang='lat' dir='ltr'>saliaribus</span> <span class='ocrx_word' id='word_1_190' title='bbox 948 2076 1086 2142; x_wconf 89' lang='lat' dir='ltr'>adtanus</span> <span class='ocrx_word' id='word_1_191' title='bbox 1102 2078 1267 2158; x_wconf 88' lang='lat' dir='ltr'>tintinnat‚</span> <span class='ocrx_word' id='word_1_192' title='bbox 1287 2076 1323 2140; x_wconf 95' lang='lat' dir='ltr'>id</span> <span class='ocrx_word' id='word_1_193' title='bbox 1338 2087 1387 2140; x_wconf 89' lang='lat' dir='ltr'>est</span> <span class='ocrx_word' id='word_1_194' title='bbox 1402 2079 1512 2142; x_wconf 89' lang='lat' dir='ltr'>sonat’.</span> 
     </span>
     <span class='ocr_line' id='line_1_19' title="bbox 110 2179 1511 2265; baseline 0.001 -21"><span class='ocrx_word' id='word_1_195' title='bbox 110 2185 142 2245; x_wconf 91' lang='lat' dir='ltr'>in</span> <span class='ocrx_word' id='word_1_196' title='bbox 157 2180 209 2245; x_wconf 92' lang='lat' dir='ltr'>his</span> <span class='ocrx_word' id='word_1_197' title='bbox 225 2179 401 2265; x_wconf 85' lang='lat' dir='ltr'>explicatio</span> <span class='ocrx_word' id='word_1_198' title='bbox 416 2181 446 2244; x_wconf 87' lang='lat' dir='ltr'>‘i.</span> <span class='ocrx_word' id='word_1_199' title='bbox 462 2201 488 2243; x_wconf 91' lang='lat' dir='ltr'>e.</span> <span class='ocrx_word' id='word_1_200' title='bbox 502 2180 603 2244; x_wconf 89' lang='lat' dir='ltr'>sonat&#39;</span> <span class='ocrx_word' id='word_1_201' title='bbox 619 2181 725 2264; x_wconf 87' lang='lat' dir='ltr'>potius</span> <span class='ocrx_word' id='word_1_202' title='bbox 737 2180 843 2245; x_wconf 91' lang='lat' dir='ltr'>Nonio</span> <span class='ocrx_word' id='word_1_203' title='bbox 855 2201 953 2265; x_wconf 90' lang='lat' dir='ltr'>quam</span> <span class='ocrx_word' id='word_1_204' title='bbox 963 2179 1095 2264; x_wconf 89' lang='lat' dir='ltr'>Nigidio</span> <span class='ocrx_word' id='word_1_205' title='bbox 1107 2180 1281 2245; x_wconf 89' lang='lat' dir='ltr'>tribuenda</span> <span class='ocrx_word' id='word_1_206' title='bbox 1293 2203 1362 2246; x_wconf 89' lang='lat' dir='ltr'>esse</span> <span class='ocrx_word' id='word_1_207' title='bbox 1374 2181 1511 2246; x_wconf 88' lang='lat' dir='ltr'>videtur.</span> 
     </span>
     <span class='ocr_line' id='line_1_20' title="bbox 110 2283 1512 2370; baseline 0 -22"><span class='ocrx_word' id='word_1_208' title='bbox 110 2307 167 2369; x_wconf 91' lang='lat' dir='ltr'>pro</span> <span class='ocrx_word' id='word_1_209' title='bbox 189 2287 349 2369; x_wconf 88' lang='lat' dir='ltr'>scriptura</span> <span class='ocrx_word' id='word_1_210' title='bbox 366 2284 523 2354; x_wconf 81' lang='lat' dir='ltr'>‘adtanus&#39;</span> <span class='ocrx_word' id='word_1_211' title='bbox 541 2305 672 2370; x_wconf 89' lang='lat' dir='ltr'>prorsus</span> <span class='ocrx_word' id='word_1_212' title='bbox 689 2283 826 2349; x_wconf 89' lang='lat' dir='ltr'>obscura</span> <span class='ocrx_word' id='word_1_213' title='bbox 841 2285 1032 2370; x_wconf 87' lang='lat' dir='ltr'>Rutgersius</span> <span class='ocrx_word' id='word_1_214' title='bbox 1051 2287 1191 2349; x_wconf 88' lang='lat' dir='ltr'>restituit</span> <span class='ocrx_word' id='word_1_215' title='bbox 1206 2285 1379 2369; x_wconf 86' lang='lat' dir='ltr'>‘Altunus&#39;,</span> <span class='ocrx_word' id='word_1_216' title='bbox 1395 2308 1512 2349; x_wconf 91' lang='lat' dir='ltr'>nomen</span> 
     </span>
     <span class='ocr_line' id='line_1_21' title="bbox 108 2386 1513 2475; baseline 0 -22"><span class='ocrx_word' id='word_1_217' title='bbox 108 2411 174 2453; x_wconf 91' lang='lat' dir='ltr'>non</span> <span class='ocrx_word' id='word_1_218' title='bbox 194 2391 300 2453; x_wconf 90' lang='lat' dir='ltr'>minus</span> <span class='ocrx_word' id='word_1_219' title='bbox 321 2388 504 2466; x_wconf 88' lang='lat' dir='ltr'>obscurum,</span> <span class='ocrx_word' id='word_1_220' title='bbox 529 2386 660 2473; x_wconf 88' lang='lat' dir='ltr'>Lipsius</span> <span class='ocrx_word' id='word_1_221' title='bbox 682 2388 861 2473; x_wconf 82' lang='lat' dir='ltr'>‘Albanus&#39;,</span> <span class='ocrx_word' id='word_1_222' title='bbox 885 2389 971 2474; x_wconf 88' lang='lat' dir='ltr'>quod</span> <span class='ocrx_word' id='word_1_223' title='bbox 994 2412 1052 2475; x_wconf 90' lang='lat' dir='ltr'>pro</span> <span class='ocrx_word' id='word_1_224' title='bbox 1074 2388 1212 2454; x_wconf 81' lang='lat' dir='ltr'>‘Albano</span> <span class='ocrx_word' id='word_1_225' title='bbox 1233 2390 1350 2455; x_wconf 87' lang='lat' dir='ltr'>monte&#39;</span> <span class='ocrx_word' id='word_1_226' title='bbox 1374 2392 1513 2475; x_wconf 90' lang='lat' dir='ltr'>positum</span> 
     </span>
     <span class='ocr_line' id='line_1_22' title="bbox 109 2492 1511 2580; baseline -0.001 -22"><span class='ocrx_word' id='word_1_227' title='bbox 109 2516 181 2558; x_wconf 91' lang='lat' dir='ltr'>esse</span> <span class='ocrx_word' id='word_1_228' title='bbox 208 2495 349 2579; x_wconf 80' lang='lat' dir='ltr'>putavit3</span> <span class='ocrx_word' id='word_1_229' title='bbox 382 2492 527 2556; x_wconf 87' lang='lat' dir='ltr'>‘altanus&#39;</span> <span class='ocrx_word' id='word_1_230' title='bbox 552 2501 674 2575; x_wconf 87' lang='lat' dir='ltr'>autem,</span> <span class='ocrx_word' id='word_1_231' title='bbox 704 2493 789 2577; x_wconf 91' lang='lat' dir='ltr'>quod</span> <span class='ocrx_word' id='word_1_232' title='bbox 813 2493 974 2577; x_wconf 89' lang='lat' dir='ltr'>siguificat</span> <span class='ocrx_word' id='word_1_233' title='bbox 998 2496 1140 2580; x_wconf 89' lang='lat' dir='ltr'>speciem</span> <span class='ocrx_word' id='word_1_234' title='bbox 1166 2493 1295 2577; x_wconf 79' lang='lat' dir='ltr'>venti‚³)</span> <span class='ocrx_word' id='word_1_235' title='bbox 1323 2516 1406 2578; x_wconf 90' lang='lat' dir='ltr'>quae</span> <span class='ocrx_word' id='word_1_236' title='bbox 1434 2495 1511 2579; x_wconf 89' lang='lat' dir='ltr'>quid</span> 
     </span>
     <span class='ocr_line' id='line_1_23' title="bbox 109 2597 1512 2683; baseline 0.001 -21"><span class='ocrx_word' id='word_1_237' title='bbox 109 2598 142 2662; x_wconf 93' lang='lat' dir='ltr'>h.</span> <span class='ocrx_word' id='word_1_238' title='bbox 153 2598 175 2662; x_wconf 91' lang='lat' dir='ltr'>l.</span> <span class='ocrx_word' id='word_1_239' title='bbox 193 2597 255 2663; x_wconf 91' lang='lat' dir='ltr'>sibi</span> <span class='ocrx_word' id='word_1_240' title='bbox 275 2597 363 2682; x_wconf 84' lang='lat' dir='ltr'>velit,</span> <span class='ocrx_word' id='word_1_241' title='bbox 384 2620 448 2662; x_wconf 92' lang='lat' dir='ltr'>non</span> <span class='ocrx_word' id='word_1_242' title='bbox 468 2597 638 2683; x_wconf 87' lang='lat' dir='ltr'>adsequor,</span> <span class='ocrx_word' id='word_1_243' title='bbox 663 2599 727 2661; x_wconf 91' lang='lat' dir='ltr'>iam</span> <span class='ocrx_word' id='word_1_244' title='bbox 751 2597 907 2661; x_wconf 87' lang='lat' dir='ltr'>editiones</span> <span class='ocrx_word' id='word_1_245' title='bbox 923 2598 1044 2664; x_wconf 86' lang='lat' dir='ltr'>Aldina</span> <span class='ocrx_word' id='word_1_246' title='bbox 1066 2609 1098 2663; x_wconf 89' lang='lat' dir='ltr'>et</span> <span class='ocrx_word' id='word_1_247' title='bbox 1118 2597 1203 2662; x_wconf 91' lang='lat' dir='ltr'>Iunii</span> <span class='ocrx_word' id='word_1_248' title='bbox 1226 2597 1389 2662; x_wconf 86' lang='lat' dir='ltr'>exhibent.</span> <span class='ocrx_word' id='word_1_249' title='bbox 1419 2599 1512 2663; x_wconf 89' lang='lat' dir='ltr'>vides</span> 
     </span>
     <span class='ocr_line' id='line_1_24' title="bbox 109 2701 1513 2788; baseline 0 -23"><span class='ocrx_word' id='word_1_250' title='bbox 109 2705 223 2786; x_wconf 87' lang='lat' dir='ltr'>igitur,</span> <span class='ocrx_word' id='word_1_251' title='bbox 252 2725 326 2767; x_wconf 90' lang='lat' dir='ltr'>eum</span> <span class='ocrx_word' id='word_1_252' title='bbox 353 2702 492 2766; x_wconf 91' lang='lat' dir='ltr'>obscura</span> <span class='ocrx_word' id='word_1_253' title='bbox 518 2723 576 2788; x_wconf 90' lang='lat' dir='ltr'>pro</span> <span class='ocrx_word' id='word_1_254' title='bbox 604 2701 749 2766; x_wconf 85' lang='lat' dir='ltr'>obscuris</span> <span class='ocrx_word' id='word_1_255' title='bbox 777 2701 1001 2766; x_wconf 88' lang='lat' dir='ltr'>substituendo</span> <span class='ocrx_word' id='word_1_256' title='bbox 1024 2725 1075 2767; x_wconf 87' lang='lat' dir='ltr'>rea</span> <span class='ocrx_word' id='word_1_257' title='bbox 1097 2725 1161 2768; x_wconf 91' lang='lat' dir='ltr'>non</span> <span class='ocrx_word' id='word_1_258' title='bbox 1188 2703 1303 2767; x_wconf 89' lang='lat' dir='ltr'>clarior</span> <span class='ocrx_word' id='word_1_259' title='bbox 1326 2702 1397 2787; x_wconf 83' lang='lat' dir='ltr'>fiat,</span> <span class='ocrx_word' id='word_1_260' title='bbox 1422 2725 1513 2788; x_wconf 89' lang='lat' dir='ltr'>prae·</span> 
     </span>
     <span class='ocr_line' id='line_1_25' title="bbox 114 2804 1513 2892; baseline 0 -22"><span class='ocrx_word' id='word_1_261' title='bbox 114 2816 201 2872; x_wconf 87' lang='lat' dir='ltr'>stare</span> <span class='ocrx_word' id='word_1_262' title='bbox 234 2806 313 2872; x_wconf 91' lang='lat' dir='ltr'>nihil</span> <span class='ocrx_word' id='word_1_263' title='bbox 338 2828 395 2870; x_wconf 88' lang='lat' dir='ltr'>nos</span> <span class='ocrx_word' id='word_1_264' title='bbox 423 2805 465 2870; x_wconf 90' lang='lat' dir='ltr'>de</span> <span class='ocrx_word' id='word_1_265' title='bbox 492 2805 552 2869; x_wconf 93' lang='lat' dir='ltr'>hoc</span> <span class='ocrx_word' id='word_1_266' title='bbox 579 2806 681 2870; x_wconf 89' lang='lat' dir='ltr'>verbo</span> <span class='ocrx_word' id='word_1_267' title='bbox 708 2815 763 2870; x_wconf 87' lang='lat' dir='ltr'>aut</span> <span class='ocrx_word' id='word_1_268' title='bbox 791 2804 984 2892; x_wconf 79' lang='lat' dir='ltr'>explicando</span> <span class='ocrx_word' id='word_1_269' title='bbox 1015 2816 1071 2870; x_wconf 90' lang='lat' dir='ltr'>aut</span> <span class='ocrx_word' id='word_1_270' title='bbox 1099 2806 1302 2872; x_wconf 89' lang='lat' dir='ltr'>emendando</span> <span class='ocrx_word' id='word_1_271' title='bbox 1332 2809 1414 2871; x_wconf 91' lang='lat' dir='ltr'>scire</span> <span class='ocrx_word' id='word_1_272' title='bbox 1441 2830 1513 2872; x_wconf 94' lang='lat' dir='ltr'>con-</span> 
     </span>
     <span class='ocr_line' id='line_1_26' title="bbox 110 2910 1600 2996; baseline -0.001 -21"><span class='ocrx_word' id='word_1_273' title='bbox 110 2911 207 2976; x_wconf 90' lang='lat' dir='ltr'>fiteri.</span> <span class='ocrx_word' id='word_1_274' title='bbox 247 2933 353 2996; x_wconf 92' lang='lat' dir='ltr'>neque</span> <span class='ocrx_word' id='word_1_275' title='bbox 373 2911 435 2975; x_wconf 93' lang='lat' dir='ltr'>hoc</span> <span class='ocrx_word' id='word_1_276' title='bbox 454 2911 571 2974; x_wconf 88' lang='lat' dir='ltr'>mirum</span> <span class='ocrx_word' id='word_1_277' title='bbox 592 2920 641 2974; x_wconf 90' lang='lat' dir='ltr'>cst</span> <span class='ocrx_word' id='word_1_278' title='bbox 660 2912 693 2975; x_wconf 92' lang='lat' dir='ltr'>in</span> <span class='ocrx_word' id='word_1_279' title='bbox 714 2933 749 2975; x_wconf 89' lang='lat' dir='ltr'>re</span> <span class='ocrx_word' id='word_1_280' title='bbox 770 2913 869 2975; x_wconf 90' lang='lat' dir='ltr'>tantis</span> <span class='ocrx_word' id='word_1_281' title='bbox 893 2910 1035 2975; x_wconf 88' lang='lat' dir='ltr'>tenebris</span> <span class='ocrx_word' id='word_1_282' title='bbox 1061 2911 1267 2994; x_wconf 85' lang='lat' dir='ltr'>circumfusa,</span> <span class='ocrx_word' id='word_1_283' title='bbox 1290 2921 1327 2975; x_wconf 89' lang='lat' dir='ltr'>ut</span> <span class='ocrx_word' id='word_1_284' title='bbox 1344 2911 1512 2995; x_wconf 76' lang='lat' dir='ltr'>Iardanos,</span> <span class='ocrx_word' id='word_1_285' title='bbox 1566 2949 1569 2955; x_wconf 77' lang='lat'><em>‚</em></span> <span class='ocrx_word' id='word_1_286' title='bbox 1599 2928 1600 2957; x_wconf 83' lang='lat'>1</span> 
     </span>
     <span class='ocr_line' id='line_1_27' title="bbox 110 3014 1513 3101; baseline -0.001 -22"><span class='ocrx_word' id='word_1_287' title='bbox 110 3025 282 3101; x_wconf 83' lang='lat' dir='ltr'>postquam</span> <span class='ocrx_word' id='word_1_288' title='bbox 301 3016 334 3078; x_wconf 93' lang='lat' dir='ltr'>in</span> <span class='ocrx_word' id='word_1_289' title='bbox 353 3014 450 3097; x_wconf 86' lang='lat' dir='ltr'>libro,</span> <span class='ocrx_word' id='word_1_290' title='bbox 474 3016 526 3078; x_wconf 92' lang='lat' dir='ltr'>cui</span> <span class='ocrx_word' id='word_1_291' title='bbox 543 3015 707 3101; x_wconf 89' lang='lat' dir='ltr'>inscripsit</span> <span class='ocrx_word' id='word_1_292' title='bbox 721 3015 887 3078; x_wconf 75' lang='lat' dir='ltr'>‘Kritiacbe</span> <span class='ocrx_word' id='word_1_293' title='bbox 899 3015 1046 3100; x_wconf 75' lang='lat' dir='ltr'>Bcitdir&#39;qe</span> <span class='ocrx_word' id='word_1_294' title='bbox 1062 3038 1118 3078; x_wconf 76' lang='lat' dir='ltr'>aar</span> <span class='ocrx_word' id='word_1_295' title='bbox 1132 3014 1305 3078; x_wconf 75' lang='lat' dir='ltr'>Geecticlate</span> <span class='ocrx_word' id='word_1_296' title='bbox 1321 3015 1378 3078; x_wconf 81' lang='lat' dir='ltr'>der</span> <span class='ocrx_word' id='word_1_297' title='bbox 1392 3015 1513 3078; x_wconf 69' lang='lat' dir='ltr'>lutaci-</span> 
     </span>
     <span class='ocr_line' id='line_1_28' title="bbox 109 3118 1514 3206; baseline 0.002 -24"><span class='ocrx_word' id='word_1_298' title='bbox 109 3121 199 3182; x_wconf 78' lang='lat' dir='ltr'>actea</span> <span class='ocrx_word' id='word_1_299' title='bbox 220 3118 366 3206; x_wconf 58' lang='lat' dir='ltr'>tiprocba</span> <span class='ocrx_word' id='word_1_300' title='bbox 390 3142 423 3205; x_wconf 93' lang='lat' dir='ltr'>p.</span> <span class='ocrx_word' id='word_1_301' title='bbox 441 3119 614 3184; x_wconf 77' lang='lat'>211-224</span> <span class='ocrx_word' id='word_1_302' title='bbox 639 3119 679 3184; x_wconf 90' lang='lat' dir='ltr'>de</span> <span class='ocrx_word' id='word_1_303' title='bbox 704 3121 847 3205; x_wconf 85' lang='lat' dir='ltr'>reliquiis</span> <span class='ocrx_word' id='word_1_304' title='bbox 872 3121 1023 3185; x_wconf 85' lang='lat' dir='ltr'>carminis</span> <span class='ocrx_word' id='word_1_305' title='bbox 1044 3120 1203 3185; x_wconf 85' lang='lat' dir='ltr'>Saliorum</span> <span class='ocrx_word' id='word_1_306' title='bbox 1227 3123 1303 3204; x_wconf 86' lang='lat' dir='ltr'>egit,</span> <span class='ocrx_word' id='word_1_307' title='bbox 1330 3119 1391 3184; x_wconf 90' lang='lat' dir='ltr'>sub</span> <span class='ocrx_word' id='word_1_308' title='bbox 1416 3119 1514 3185; x_wconf 87' lang='lat' dir='ltr'>finem</span> 
     </span>
     <span class='ocr_line' id='line_1_29' title="bbox 111 3223 1513 3311; baseline 0.001 -25"><span class='ocrx_word' id='word_1_309' title='bbox 111 3223 338 3309; x_wconf 87' lang='lat' dir='ltr'>disputationis</span> <span class='ocrx_word' id='word_1_310' title='bbox 368 3223 450 3289; x_wconf 90' lang='lat' dir='ltr'>haec</span> <span class='ocrx_word' id='word_1_311' title='bbox 479 3225 682 3310; x_wconf 87' lang='lat' dir='ltr'>profiteatur:</span> <span class='ocrx_word' id='word_1_312' title='bbox 715 3224 772 3288; x_wconf 84' lang='lat' dir='ltr'>‘Im</span> <span class='ocrx_word' id='word_1_313' title='bbox 793 3224 940 3310; x_wconf 63' lang='lat' dir='ltr'>Ucbcha</span> <span class='ocrx_word' id='word_1_314' title='bbox 974 3235 1087 3311; x_wconf 76' lang='lat' dir='ltr'>topper</span> <span class='ocrx_word' id='word_1_315' title='bbox 1114 3225 1171 3288; x_wconf 84' lang='lat' dir='ltr'>wir</span> <span class='ocrx_word' id='word_1_316' title='bbox 1192 3225 1234 3288; x_wconf 81' lang='lat' dir='ltr'>im</span> <span class='ocrx_word' id='word_1_317' title='bbox 1254 3224 1418 3303; x_wconf 79' lang='lat' dir='ltr'>Daalcela,</span> <span class='ocrx_word' id='word_1_318' title='bbox 1450 3248 1513 3288; x_wconf 82' lang='lat' dir='ltr'>aar</span> 
     </span>
    </p>
   </div>
   <div class='ocr_carea' id='block_1_3' title="bbox 109 3327 1511 3416">
    <p class='ocr_par' dir='ltr' id='par_1_4' title="bbox 109 3327 1511 3416">
     <span class='ocr_line' id='line_1_30' title="bbox 109 3327 1511 3416; baseline 0.004 -27"><span class='ocrx_word' id='word_1_319' title='bbox 109 3328 186 3390; x_wconf 79' lang='lat' dir='ltr'>dues</span> <span class='ocrx_word' id='word_1_320' title='bbox 197 3327 295 3392; x_wconf 73' lang='lat' dir='ltr'>durch</span> <span class='ocrx_word' id='word_1_321' title='bbox 305 3327 424 3413; x_wconf 71' lang='lat' dir='ltr'>Berylte</span> <span class='ocrx_word' id='word_1_322' title='bbox 435 3328 815 3415; x_wconf 64' lang='lat' dir='ltr'>pidaaeudcodcborfsinu</span> <span class='ocrx_word' id='word_1_323' title='bbox 827 3329 884 3392; x_wconf 83' lang='lat' dir='ltr'>der</span> <span class='ocrx_word' id='word_1_324' title='bbox 893 3328 1027 3414; x_wconf 75' lang='lat' dir='ltr'>Aufaog</span> <span class='ocrx_word' id='word_1_325' title='bbox 1038 3328 1209 3414; x_wconf 76' lang='lat' dir='ltr'>oachbellt</span> <span class='ocrx_word' id='word_1_326' title='bbox 1219 3352 1257 3393; x_wconf 84' lang='lat' dir='ltr'>zu</span> <span class='ocrx_word' id='word_1_327' title='bbox 1269 3331 1334 3392; x_wconf 81' lang='lat' dir='ltr'>ecia</span> <span class='ocrx_word' id='word_1_328' title='bbox 1345 3329 1511 3416; x_wconf 51' lang='lat' dir='ltr'>ecbaotfl)</span> 
     </span>
    </p>
   </div>
   <div class='ocr_carea' id='block_1_4' title="bbox 108 3556 1513 4670">
    <p class='ocr_par' dir='ltr' id='par_1_5' title="bbox 218 3556 1395 3624">
     <span class='ocr_line' id='line_1_31' title="bbox 218 3556 1395 3624; baseline 0 -17"><span class='ocrx_word' id='word_1_329' title='bbox 218 3557 239 3621; x_wconf 89' lang='lat'>¹)</span> <span class='ocrx_word' id='word_1_330' title='bbox 252 3557 293 3607; x_wconf 80' lang='lat' dir='ltr'>Cf.</span> <span class='ocrx_word' id='word_1_331' title='bbox 302 3564 441 3624; x_wconf 87' lang='lat' dir='ltr'>praeterea</span> <span class='ocrx_word' id='word_1_332' title='bbox 452 3558 482 3608; x_wconf 85' lang='lat' dir='ltr'>fr.</span> <span class='ocrx_word' id='word_1_333' title='bbox 494 3558 579 3608; x_wconf 85' lang='lat' dir='ltr'>VIIII.</span> <span class='ocrx_word' id='word_1_334' title='bbox 594 3557 674 3623; x_wconf 89' lang='lat' dir='ltr'>(Non.</span> <span class='ocrx_word' id='word_1_335' title='bbox 685 3574 710 3623; x_wconf 91' lang='lat' dir='ltr'>p.</span> <span class='ocrx_word' id='word_1_336' title='bbox 721 3559 763 3620; x_wconf 85' lang='lat'>40,</span> <span class='ocrx_word' id='word_1_337' title='bbox 778 3558 822 3622; x_wconf 79' lang='lat'>12)</span> <span class='ocrx_word' id='word_1_338' title='bbox 835 3563 863 3608; x_wconf 91' lang='lat' dir='ltr'>et</span> <span class='ocrx_word' id='word_1_339' title='bbox 874 3558 930 3607; x_wconf 89' lang='lat' dir='ltr'>LX.</span> <span class='ocrx_word' id='word_1_340' title='bbox 942 3559 1023 3623; x_wconf 91' lang='lat' dir='ltr'>(Don.</span> <span class='ocrx_word' id='word_1_341' title='bbox 1033 3556 1067 3608; x_wconf 88' lang='lat' dir='ltr'>ad</span> <span class='ocrx_word' id='word_1_342' title='bbox 1080 3558 1139 3608; x_wconf 82' lang='lat' dir='ltr'>Ter.</span> <span class='ocrx_word' id='word_1_343' title='bbox 1150 3558 1257 3609; x_wconf 90' lang='lat' dir='ltr'>Phorm.</span> <span class='ocrx_word' id='word_1_344' title='bbox 1268 3559 1289 3620; x_wconf 92' lang='lat'>1,</span> <span class='ocrx_word' id='word_1_345' title='bbox 1302 3561 1327 3621; x_wconf 85' lang='lat'>4,</span> <span class='ocrx_word' id='word_1_346' title='bbox 1345 3559 1395 3623; x_wconf 79' lang='lat'>13).</span> 
     </span>
    </p>

    <p class='ocr_par' dir='ltr' id='par_1_6' title="bbox 108 3644 1512 4060">
     <span class='ocr_line' id='line_1_32' title="bbox 216 3644 1512 3712; baseline 0.001 -18"><span class='ocrx_word' id='word_1_347' title='bbox 216 3644 239 3709; x_wconf 83' lang='lat'>²)</span> <span class='ocrx_word' id='word_1_348' title='bbox 250 3645 311 3695; x_wconf 88' lang='lat' dir='ltr'>Hoc</span> <span class='ocrx_word' id='word_1_349' title='bbox 323 3645 503 3711; x_wconf 82' lang='lat' dir='ltr'>fragmentum</span> <span class='ocrx_word' id='word_1_350' title='bbox 515 3645 677 3710; x_wconf 88' lang='lat' dir='ltr'>Roehrigius</span> <span class='ocrx_word' id='word_1_351' title='bbox 693 3661 717 3710; x_wconf 90' lang='lat' dir='ltr'>p.</span> <span class='ocrx_word' id='word_1_352' title='bbox 728 3647 770 3708; x_wconf 75' lang='grc'>52,</span> <span class='ocrx_word' id='word_1_353' title='bbox 780 3645 841 3695; x_wconf 89' lang='lat' dir='ltr'>adn.</span> <span class='ocrx_word' id='word_1_354' title='bbox 854 3648 867 3695; x_wconf 95' lang='lat' dir='ltr'>l</span> <span class='ocrx_word' id='word_1_355' title='bbox 879 3661 939 3695; x_wconf 91' lang='lat' dir='ltr'>cum</span> <span class='ocrx_word' id='word_1_356' title='bbox 949 3647 1041 3710; x_wconf 88' lang='lat' dir='ltr'>Lipsio</span> <span class='ocrx_word' id='word_1_357' title='bbox 1053 3646 1087 3696; x_wconf 85' lang='lat' dir='ltr'>ad</span> <span class='ocrx_word' id='word_1_358' title='bbox 1100 3662 1166 3712; x_wconf 89' lang='lat' dir='ltr'>opus</span> <span class='ocrx_word' id='word_1_359' title='bbox 1184 3646 1225 3697; x_wconf 88' lang='lat' dir='ltr'>‘de</span> <span class='ocrx_word' id='word_1_360' title='bbox 1242 3646 1300 3696; x_wconf 71' lang='lat' dir='ltr'>diis*</span> <span class='ocrx_word' id='word_1_361' title='bbox 1313 3647 1418 3698; x_wconf 89' lang='lat' dir='ltr'>rettulit</span> <span class='ocrx_word' id='word_1_362' title='bbox 1434 3651 1462 3695; x_wconf 91' lang='lat' dir='ltr'>et</span> <span class='ocrx_word' id='word_1_363' title='bbox 1474 3648 1512 3695; x_wconf 89' lang='lat' dir='ltr'>sic</span> 
     </span>
     <span class='ocr_line' id='line_1_33' title="bbox 109 3731 1512 3798; baseline 0.001 -17"><span class='ocrx_word' id='word_1_364' title='bbox 109 3732 192 3782; x_wconf 87' lang='lat' dir='ltr'>scribi</span> <span class='ocrx_word' id='word_1_365' title='bbox 204 3732 296 3782; x_wconf 87' lang='lat' dir='ltr'>iussit:</span> <span class='ocrx_word' id='word_1_366' title='bbox 313 3733 416 3798; x_wconf 88' lang='lat' dir='ltr'>‘Itaque</span> <span class='ocrx_word' id='word_1_367' title='bbox 434 3748 467 3784; x_wconf 88' lang='lat' dir='ltr'>ex</span> <span class='ocrx_word' id='word_1_368' title='bbox 484 3747 546 3783; x_wconf 89' lang='lat' dir='ltr'>aere</span> <span class='ocrx_word' id='word_1_369' title='bbox 562 3734 591 3782; x_wconf 92' lang='lat' dir='ltr'>in</span> <span class='ocrx_word' id='word_1_370' title='bbox 607 3731 753 3782; x_wconf 84' lang='lat' dir='ltr'>Saliaribus</span> <span class='ocrx_word' id='word_1_371' title='bbox 765 3733 886 3783; x_wconf 86' lang='lat' dir='ltr'>Albanus</span> <span class='ocrx_word' id='word_1_372' title='bbox 898 3735 1044 3784; x_wconf 86' lang='lat' dir='ltr'>tintinnat.&#39;</span> <span class='ocrx_word' id='word_1_373' title='bbox 1069 3734 1163 3797; x_wconf 70' lang='lat' dir='ltr'>‘Nam’</span> <span class='ocrx_word' id='word_1_374' title='bbox 1176 3735 1277 3798; x_wconf 91' lang='lat' dir='ltr'>inquit,</span> <span class='ocrx_word' id='word_1_375' title='bbox 1294 3734 1389 3783; x_wconf 85' lang='lat' dir='ltr'>‘Albae</span> <span class='ocrx_word' id='word_1_376' title='bbox 1406 3748 1512 3798; x_wconf 90' lang='lat' dir='ltr'>quoque</span> 
     </span>
     <span class='ocr_line' id='line_1_34' title="bbox 109 3818 1511 3887; baseline 0 -19"><span class='ocrx_word' id='word_1_377' title='bbox 109 3818 198 3868; x_wconf 84' lang='lat' dir='ltr'>Salios</span> <span class='ocrx_word' id='word_1_378' title='bbox 220 3818 302 3872; x_wconf 67' lang='lat' dir='ltr'>iubae</span> <span class='ocrx_word' id='word_1_379' title='bbox 320 3818 349 3870; x_wconf 82' lang='grc' dir='ltr'>Ο.</span> <span class='ocrx_word' id='word_1_380' title='bbox 364 3820 384 3869; x_wconf 92' lang='lat'>1.</span> <span class='ocrx_word' id='word_1_381' title='bbox 400 3821 429 3870; x_wconf 87' lang='lat' dir='ltr'>L.</span> <span class='ocrx_word' id='word_1_382' title='bbox 444 3819 489 3870; x_wconf 89' lang='lat' dir='ltr'>VI.</span> <span class='ocrx_word' id='word_1_383' title='bbox 506 3821 574 3869; x_wconf 77' lang='lat'>2170</span> <span class='ocrx_word' id='word_1_384' title='bbox 592 3835 630 3884; x_wconf 92' lang='lat' dir='ltr'>sq.</span> <span class='ocrx_word' id='word_1_385' title='bbox 645 3834 717 3886; x_wconf 83' lang='lat' dir='ltr'>saep.</span> <span class='ocrx_word' id='word_1_386' title='bbox 733 3819 904 3870; x_wconf 87' lang='lat' dir='ltr'>confirmatur</span> <span class='ocrx_word' id='word_1_387' title='bbox 917 3820 962 3886; x_wconf 85' lang='lat' dir='ltr'>(cf.</span> <span class='ocrx_word' id='word_1_388' title='bbox 976 3821 1141 3887; x_wconf 88' lang='lat' dir='ltr'>Marquardt.</span> <span class='ocrx_word' id='word_1_389' title='bbox 1159 3821 1259 3871; x_wconf 83' lang='lat' dir='ltr'>‘Roem</span> <span class='ocrx_word' id='word_1_390' title='bbox 1276 3820 1338 3870; x_wconf 89' lang='lat' dir='ltr'>Alt.&#39;</span> <span class='ocrx_word' id='word_1_391' title='bbox 1351 3820 1396 3870; x_wconf 88' lang='lat' dir='ltr'>VI.</span> <span class='ocrx_word' id='word_1_392' title='bbox 1409 3838 1434 3886; x_wconf 92' lang='lat' dir='ltr'>p.</span> <span class='ocrx_word' id='word_1_393' title='bbox 1448 3822 1511 3881; x_wconf 76' lang='lat'>4103</span> 
     </span>
     <span class='ocr_line' id='line_1_35' title="bbox 108 3905 1512 3973; baseline 0.001 -18"><span class='ocrx_word' id='word_1_394' title='bbox 108 3905 222 3956; x_wconf 90' lang='lat' dir='ltr'>Preller.</span> <span class='ocrx_word' id='word_1_395' title='bbox 239 3905 259 3956; x_wconf 93' lang='lat'>1.</span> <span class='ocrx_word' id='word_1_396' title='bbox 273 3922 299 3971; x_wconf 90' lang='lat' dir='ltr'>p.</span> <span class='ocrx_word' id='word_1_397' title='bbox 312 3906 392 3972; x_wconf 78' lang='lat'>347).’</span> <span class='ocrx_word' id='word_1_398' title='bbox 417 3907 494 3972; x_wconf 81' lang='lat' dir='ltr'>quasi</span> <span class='ocrx_word' id='word_1_399' title='bbox 509 3907 551 3956; x_wconf 89' lang='lat' dir='ltr'>his</span> <span class='ocrx_word' id='word_1_400' title='bbox 568 3907 784 3973; x_wconf 86' lang='lat' dir='ltr'>comprobaretur</span> <span class='ocrx_word' id='word_1_401' title='bbox 799 3906 937 3973; x_wconf 90' lang='lat' dir='ltr'>Nigidium</span> <span class='ocrx_word' id='word_1_402' title='bbox 954 3908 1042 3958; x_wconf 89' lang='lat' dir='ltr'>verbis</span> <span class='ocrx_word' id='word_1_403' title='bbox 1059 3910 1096 3957; x_wconf 87' lang='lat' dir='ltr'>‘in</span> <span class='ocrx_word' id='word_1_404' title='bbox 1113 3906 1268 3958; x_wconf 82' lang='lat' dir='ltr'>Saliaribus’</span> <span class='ocrx_word' id='word_1_405' title='bbox 1284 3922 1338 3956; x_wconf 89' lang='lat' dir='ltr'>non</span> <span class='ocrx_word' id='word_1_406' title='bbox 1357 3906 1512 3972; x_wconf 88' lang='lat' dir='ltr'>simpliciter</span> 
     </span>
     <span class='ocr_line' id='line_1_36' title="bbox 108 3991 806 4060; baseline 0.001 -18"><span class='ocrx_word' id='word_1_407' title='bbox 108 3991 300 4055; x_wconf 80' lang='lat' dir='ltr'>Romanorum,</span> <span class='ocrx_word' id='word_1_408' title='bbox 313 3991 360 4044; x_wconf 88' lang='lat' dir='ltr'>sed</span> <span class='ocrx_word' id='word_1_409' title='bbox 371 3993 536 4044; x_wconf 86' lang='lat' dir='ltr'>Albanorum</span> <span class='ocrx_word' id='word_1_410' title='bbox 549 4009 624 4044; x_wconf 90' lang='lat' dir='ltr'>sacra</span> <span class='ocrx_word' id='word_1_411' title='bbox 635 3993 806 4060; x_wconf 82' lang='lat' dir='ltr'>significasse.</span> 
     </span>
    </p>

    <p class='ocr_par' dir='ltr' id='par_1_7' title="bbox 219 4078 1188 4148">
     <span class='ocr_line' id='line_1_37' title="bbox 219 4078 1188 4148; baseline 0.002 -18"><span class='ocrx_word' id='word_1_412' title='bbox 219 4078 242 4145; x_wconf 83' lang='lat'>³)</span> <span class='ocrx_word' id='word_1_413' title='bbox 260 4079 303 4130; x_wconf 90' lang='lat' dir='ltr'>De</span> <span class='ocrx_word' id='word_1_414' title='bbox 315 4080 367 4132; x_wconf 86' lang='lat' dir='ltr'>hoo</span> <span class='ocrx_word' id='word_1_415' title='bbox 378 4085 460 4132; x_wconf 87' lang='lat' dir='ltr'>vento</span> <span class='ocrx_word' id='word_1_416' title='bbox 473 4081 506 4131; x_wconf 82' lang='lat' dir='ltr'>ef.</span> <span class='ocrx_word' id='word_1_417' title='bbox 517 4081 620 4132; x_wconf 84' lang='lat' dir='ltr'>Vitrur.</span> <span class='ocrx_word' id='word_1_418' title='bbox 630 4082 653 4144; x_wconf 89' lang='lat'>1,</span> <span class='ocrx_word' id='word_1_419' title='bbox 662 4082 687 4143; x_wconf 83' lang='grc'>6,</span> <span class='ocrx_word' id='word_1_420' title='bbox 702 4083 734 4131; x_wconf 87' lang='grc'>10</span> <span class='ocrx_word' id='word_1_421' title='bbox 746 4086 774 4132; x_wconf 92' lang='lat' dir='ltr'>et</span> <span class='ocrx_word' id='word_1_422' title='bbox 786 4081 859 4131; x_wconf 85' lang='lat' dir='ltr'>Suet.</span> <span class='ocrx_word' id='word_1_423' title='bbox 872 4081 930 4132; x_wconf 90' lang='lat' dir='ltr'>rell.</span> <span class='ocrx_word' id='word_1_424' title='bbox 940 4099 965 4148; x_wconf 91' lang='lat' dir='ltr'>p.</span> <span class='ocrx_word' id='word_1_425' title='bbox 976 4083 1035 4144; x_wconf 83' lang='lat'>233,</span> <span class='ocrx_word' id='word_1_426' title='bbox 1048 4083 1064 4130; x_wconf 89' lang='grc'><strong>3</strong></span> <span class='ocrx_word' id='word_1_427' title='bbox 1076 4081 1188 4148; x_wconf 75' lang='lat' dir='ltr'>(Rem).</span> 
     </span>
    </p>

    <p class='ocr_par' dir='ltr' id='par_1_8' title="bbox 109 4165 1513 4670">
     <span class='ocr_line' id='line_1_38' title="bbox 216 4165 1511 4235; baseline 0.002 -19"><span class='ocrx_word' id='word_1_428' title='bbox 216 4165 238 4232; x_wconf 92' lang='lat'>⁴)</span> <span class='ocrx_word' id='word_1_429' title='bbox 256 4167 288 4216; x_wconf 90' lang='lat' dir='ltr'>In</span> <span class='ocrx_word' id='word_1_430' title='bbox 300 4167 352 4217; x_wconf 90' lang='lat' dir='ltr'>hac</span> <span class='ocrx_word' id='word_1_431' title='bbox 363 4169 403 4218; x_wconf 91' lang='lat' dir='ltr'>rei</span> <span class='ocrx_word' id='word_1_432' title='bbox 415 4168 577 4220; x_wconf 88' lang='lat' dir='ltr'>obscuritate</span> <span class='ocrx_word' id='word_1_433' title='bbox 589 4168 665 4220; x_wconf 80' lang='lat' dir='ltr'>verbi</span> <span class='ocrx_word' id='word_1_434' title='bbox 678 4168 760 4231; x_wconf 92' lang='lat' dir='ltr'>illius,</span> <span class='ocrx_word' id='word_1_435' title='bbox 777 4169 849 4233; x_wconf 90' lang='lat' dir='ltr'>quod</span> <span class='ocrx_word' id='word_1_436' title='bbox 860 4169 947 4219; x_wconf 84' lang='lat' dir='ltr'>adhue</span> <span class='ocrx_word' id='word_1_437' title='bbox 960 4185 1024 4219; x_wconf 88' lang='lat' dir='ltr'>crux</span> <span class='ocrx_word' id='word_1_438' title='bbox 1036 4171 1212 4235; x_wconf 85' lang='lat' dir='ltr'>interpretum</span> <span class='ocrx_word' id='word_1_439' title='bbox 1225 4169 1284 4231; x_wconf 84' lang='lat' dir='ltr'>fuit,</span> <span class='ocrx_word' id='word_1_440' title='bbox 1303 4168 1511 4233; x_wconf 86' lang='lat' dir='ltr'>explicationem</span> 
     </span>
     <span class='ocr_line' id='line_1_39' title="bbox 109 4253 1511 4322; baseline 0.001 -18"><span class='ocrx_word' id='word_1_441' title='bbox 109 4253 256 4318; x_wconf 81' lang='lat' dir='ltr'>quandam,</span> <span class='ocrx_word' id='word_1_442' title='bbox 270 4269 339 4320; x_wconf 87' lang='lat' dir='ltr'>quae</span> <span class='ocrx_word' id='word_1_443' title='bbox 351 4254 418 4304; x_wconf 90' lang='lat' dir='ltr'>mihi</span> <span class='ocrx_word' id='word_1_444' title='bbox 430 4256 459 4304; x_wconf 91' lang='lat' dir='ltr'>in</span> <span class='ocrx_word' id='word_1_445' title='bbox 471 4260 589 4307; x_wconf 88' lang='lat' dir='ltr'>mentem</span> <span class='ocrx_word' id='word_1_446' title='bbox 602 4256 685 4318; x_wconf 87' lang='lat' dir='ltr'>venit,</span> <span class='ocrx_word' id='word_1_447' title='bbox 707 4270 761 4304; x_wconf 92' lang='lat' dir='ltr'>non</span> <span class='ocrx_word' id='word_1_448' title='bbox 774 4271 833 4305; x_wconf 92' lang='lat' dir='ltr'>sum</span> <span class='ocrx_word' id='word_1_449' title='bbox 845 4270 926 4306; x_wconf 89' lang='lat' dir='ltr'>ausus</span> <span class='ocrx_word' id='word_1_450' title='bbox 937 4271 1018 4322; x_wconf 89' lang='lat' dir='ltr'>supra</span> <span class='ocrx_word' id='word_1_451' title='bbox 1030 4271 1246 4319; x_wconf 87' lang='lat' dir='ltr'>commemorare,</span> <span class='ocrx_word' id='word_1_452' title='bbox 1258 4254 1304 4306; x_wconf 89' lang='lat' dir='ltr'>sed</span> <span class='ocrx_word' id='word_1_453' title='bbox 1317 4255 1368 4304; x_wconf 90' lang='lat' dir='ltr'>hoc</span> <span class='ocrx_word' id='word_1_454' title='bbox 1380 4255 1439 4305; x_wconf 91' lang='lat' dir='ltr'>loco</span> <span class='ocrx_word' id='word_1_455' title='bbox 1453 4271 1511 4321; x_wconf 89' lang='lat' dir='ltr'>pro-</span> 
     </span>
     <span class='ocr_line' id='line_1_40' title="bbox 109 4340 1512 4408; baseline 0.001 -18"><span class='ocrx_word' id='word_1_456' title='bbox 109 4356 220 4404; x_wconf 87' lang='lat' dir='ltr'>ponam.</span> <span class='ocrx_word' id='word_1_457' title='bbox 256 4340 370 4392; x_wconf 83' lang='lat' dir='ltr'>fortasse</span> <span class='ocrx_word' id='word_1_458' title='bbox 382 4343 513 4407; x_wconf 88' lang='lat' dir='ltr'>scriptura</span> <span class='ocrx_word' id='word_1_459' title='bbox 530 4343 636 4408; x_wconf 91' lang='lat' dir='ltr'>optimis</span> <span class='ocrx_word' id='word_1_460' title='bbox 653 4340 728 4392; x_wconf 91' lang='lat' dir='ltr'>codd.</span> <span class='ocrx_word' id='word_1_461' title='bbox 745 4342 844 4392; x_wconf 71' lang='lat' dir='ltr'>medita</span> <span class='ocrx_word' id='word_1_462' title='bbox 859 4343 1001 4393; x_wconf 87' lang='lat' dir='ltr'>retinenda</span> <span class='ocrx_word' id='word_1_463' title='bbox 1017 4348 1058 4394; x_wconf 90' lang='lat' dir='ltr'>est</span> <span class='ocrx_word' id='word_1_464' title='bbox 1075 4345 1122 4407; x_wconf 88' lang='lat' dir='ltr'>ita,</span> <span class='ocrx_word' id='word_1_465' title='bbox 1139 4349 1169 4393; x_wconf 91' lang='lat' dir='ltr'>ut</span> <span class='ocrx_word' id='word_1_466' title='bbox 1186 4342 1370 4392; x_wconf 89' lang='lat' dir='ltr'>tantummodo</span> <span class='ocrx_word' id='word_1_467' title='bbox 1387 4344 1512 4392; x_wconf 88' lang='lat' dir='ltr'>‘attanus&#39;</span> 
     </span>
     <span class='ocr_line' id='line_1_41' title="bbox 110 4427 1513 4495; baseline 0.003 -19"><span class='ocrx_word' id='word_1_468' title='bbox 110 4443 159 4493; x_wconf 91' lang='lat' dir='ltr'>pro</span> <span class='ocrx_word' id='word_1_469' title='bbox 174 4427 307 4480; x_wconf 80' lang='lat' dir='ltr'>‘adtanus&#39;</span> <span class='ocrx_word' id='word_1_470' title='bbox 320 4428 474 4480; x_wconf 88' lang='lat' dir='ltr'>scribamus.</span> <span class='ocrx_word' id='word_1_471' title='bbox 500 4431 576 4480; x_wconf 86' lang='lat' dir='ltr'>cuius</span> <span class='ocrx_word' id='word_1_472' title='bbox 593 4430 667 4481; x_wconf 86' lang='lat' dir='ltr'>vocis</span> <span class='ocrx_word' id='word_1_473' title='bbox 683 4428 933 4495; x_wconf 87' lang='lat' dir='ltr'>interpretationem</span> <span class='ocrx_word' id='word_1_474' title='bbox 950 4429 1061 4495; x_wconf 81' lang='lat' dir='ltr'>adsequi</span> <span class='ocrx_word' id='word_1_475' title='bbox 1078 4430 1144 4480; x_wconf 93' lang='lat' dir='ltr'>mihi</span> <span class='ocrx_word' id='word_1_476' title='bbox 1155 4430 1249 4480; x_wconf 86' lang='lat' dir='ltr'>videor</span> <span class='ocrx_word' id='word_1_477' title='bbox 1260 4429 1387 4480; x_wconf 89' lang='lat' dir='ltr'>adhibitis</span> <span class='ocrx_word' id='word_1_478' title='bbox 1399 4434 1427 4479; x_wconf 91' lang='lat' dir='ltr'>et</span> <span class='ocrx_word' id='word_1_479' title='bbox 1439 4431 1513 4480; x_wconf 83' lang='lat' dir='ltr'>Festi</span> 
     </span>
     <span class='ocr_line' id='line_1_42' title="bbox 111 4512 1511 4582; baseline 0.003 -20"><span class='ocrx_word' id='word_1_480' title='bbox 111 4512 182 4578; x_wconf 90' lang='lat' dir='ltr'>loco,</span> <span class='ocrx_word' id='word_1_481' title='bbox 200 4515 250 4580; x_wconf 91' lang='lat' dir='ltr'>qni</span> <span class='ocrx_word' id='word_1_482' title='bbox 266 4518 307 4564; x_wconf 89' lang='lat' dir='ltr'>est</span> <span class='ocrx_word' id='word_1_483' title='bbox 323 4531 347 4580; x_wconf 91' lang='lat' dir='ltr'>p.</span> <span class='ocrx_word' id='word_1_484' title='bbox 360 4516 400 4577; x_wconf 88' lang='lat'>18,</span> <span class='ocrx_word' id='word_1_485' title='bbox 415 4517 445 4564; x_wconf 91' lang='lat' dir='ltr'>ll</span> <span class='ocrx_word' id='word_1_486' title='bbox 458 4515 560 4579; x_wconf 74' lang='lat' dir='ltr'>Maeli,</span> <span class='ocrx_word' id='word_1_487' title='bbox 577 4521 605 4565; x_wconf 91' lang='lat' dir='ltr'>et</span> <span class='ocrx_word' id='word_1_488' title='bbox 621 4515 716 4582; x_wconf 84' lang='lat' dir='ltr'>glossis</span> <span class='ocrx_word' id='word_1_489' title='bbox 736 4516 904 4581; x_wconf 83' lang='lat' dir='ltr'>quibusdam,</span> <span class='ocrx_word' id='word_1_490' title='bbox 922 4519 1019 4582; x_wconf 88' lang='lat' dir='ltr'>partim</span> <span class='ocrx_word' id='word_1_491' title='bbox 1036 4518 1090 4568; x_wconf 85' lang='lat' dir='ltr'>iam</span> <span class='ocrx_word' id='word_1_492' title='bbox 1106 4533 1123 4567; x_wconf 86' lang='lat' dir='ltr'>a</span> <span class='ocrx_word' id='word_1_493' title='bbox 1134 4517 1267 4568; x_wconf 86' lang='lat' dir='ltr'>Muellero</span> <span class='ocrx_word' id='word_1_494' title='bbox 1284 4518 1313 4566; x_wconf 93' lang='lat' dir='ltr'>in</span> <span class='ocrx_word' id='word_1_495' title='bbox 1330 4517 1405 4567; x_wconf 83' lang='lat' dir='ltr'>Festi</span> <span class='ocrx_word' id='word_1_496' title='bbox 1421 4517 1511 4567; x_wconf 86' lang='lat' dir='ltr'>adnot.</span> 
     </span>
     <span class='ocr_line' id='line_1_43' title="bbox 111 4603 1511 4670; baseline 0.003 -20"><span class='ocrx_word' id='word_1_497' title='bbox 111 4603 337 4664; x_wconf 87' lang='lat' dir='ltr'>commemoratis,</span> <span class='ocrx_word' id='word_1_498' title='bbox 348 4618 460 4668; x_wconf 87' lang='lat' dir='ltr'>quarum</span> <span class='ocrx_word' id='word_1_499' title='bbox 470 4605 663 4654; x_wconf 87' lang='lat' dir='ltr'>accuratiorem</span> <span class='ocrx_word' id='word_1_500' title='bbox 672 4604 796 4654; x_wconf 89' lang='lat' dir='ltr'>notitiam</span> <span class='ocrx_word' id='word_1_501' title='bbox 806 4603 921 4668; x_wconf 78' lang='lat' dir='ltr'>Goetaii,</span> <span class='ocrx_word' id='word_1_502' title='bbox 934 4620 1014 4669; x_wconf 88' lang='lat' dir='ltr'>quem</span> <span class='ocrx_word' id='word_1_503' title='bbox 1024 4603 1058 4654; x_wconf 90' lang='lat' dir='ltr'>de</span> <span class='ocrx_word' id='word_1_504' title='bbox 1067 4619 1158 4656; x_wconf 90' lang='lat' dir='ltr'>earum</span> <span class='ocrx_word' id='word_1_505' title='bbox 1168 4607 1271 4670; x_wconf 85' lang='lat' dir='ltr'>origine</span> <span class='ocrx_word' id='word_1_506' title='bbox 1280 4603 1377 4654; x_wconf 89' lang='lat' dir='ltr'>litteris</span> <span class='ocrx_word' id='word_1_507' title='bbox 1386 4603 1511 4667; x_wconf 87' lang='lat' dir='ltr'>adieram,</span> 
     </span>
    </p>
   </div>
   <div class='ocr_carea' id='block_1_5' title="bbox 0 0 1618 5092">
    <p class='ocr_par' dir='ltr' id='par_1_9' title="bbox 0 0 1618 5092">
     <span class='ocr_line' id='line_1_44' title="bbox 0 0 1618 5092; baseline 0 1"><span class='ocrx_word' id='word_1_508' title='bbox 0 0 1618 5092; x_wconf 95' lang='lat' dir='ltr'> </span> 
     </span>
    </p>
   </div>
  </div>
 </body>
</html>
