3225 5092
96 236 160 300 280

96 497 147 562 his
161 497 241 561 locis
257 498 438 562 consentire
456 497 615 561 videmus:
630 495 652 582 ¹)
683 496 735 562 Αἰ.
756 443 950 582 44βο111ημ
966 495 991 577 1,
1012 492 1159 582 βούλευμ’
1178 496 1214 577 Ρ,
1235 492 1370 584 βούλημ’
1386 497 1429 579 1,
1450 496 1490 561 51

96 671 233 758 ἀπεῖρξα
246 670 266 748 1,
283 605 425 757 ἀαείρηιξιίῑ
438 670 473 748 P,
490 668 631 754 ἀπείργω
643 669 679 750 L,
697 691 857 755 superser.
874 668 918 745 ξω
938 666 994 749 C⁷,·
1019 668 1080 733 145
1095 673 1179 752 βοτὰ
1195 669 1260 747 1*Ρ,
1275 674 1366 751 βατὰ
1381 668 1418 748 L,
1433 674 1492 752 βο-

96 779 154 841 τὰν
168 776 194 857 1,
220 775 280 838 149
295 781 395 841 πᾶσιν
411 774 461 853 1Ρ,
477 779 608 840 πάντων
619 774 661 855 1,·
683 773 747 838 200
762 772 892 839 ἕστακεν
907 776 940 837 in
954 772 1067 839 ἕστακε
1084 796 1164 840 corr.
1183 772 1203 855 1,
1220 773 1331 840 ἕστακε
1347 774 1381 852 P,
1397 772 1490 840 ἕστα-

96 905 149 945 κεν
163 879 205 961 1,
227 878 290 943 245
306 879 367 968 ἤδη
380 886 481 965 κρᾶτα
498 879 546 956 1Ρ,
565 879 625 967 η’όη
640 902 694 945 τοι
708 887 808 965 κρᾶτα
824 877 867 957 1,·
889 877 952 942 305
967 877 1104 957 ἐπαΐξας
1120 876 1140 954 1,
1160 877 1282 965 ἐσᾴξας
1299 878 1335 959 Ρ,
1351 878 1492 958 ἀμάξαις

560 999 584 1035 ξι

98 1053 134 1132 1,
151 1052 293 1132 ἀπαΐξας
310 1050 350 1134 0,
377 1050 441 1116 390
455 1052 592 1140 βασιλῆς
608 1051 628 1128 1,
648 1052 794 1134 βασιλεῖς
810 1052 846 1130 Ρ,
865 1051 1001 1141 βασιλῆς
1017 1052 1059 1133 1,
1080 1050 1144 1115 469
1164 1055 1353 1139 εὐφράναιμι
1369 1050 1422 1133 1Ρ,
1441 1059 1493 1118 εί·-

97 1157 266 1248 φραίναιμι
281 1157 325 1239 1,
345 1156 424 1237 493,
447 1156 511 1220 515
527 1162 564 1221 σὺ
580 1160 638 1243 γάρ
654 1156 702 1238 1Ρ,
718 1154 901 1242 σο1γάρ1,
923 1155 1000 1236 614,
1025 1154 1088 1219 620
1102 1152 1180 1243 παρ’
1196 1155 1324 1244 ἀφίλοις
1339 1155 1388 1239 1Ρ,
1404 1162 1493 1241 παρὰ

97 1261 205 1352 φίλοις
220 1261 263 1344 1,
286 1261 348 1325 623
364 1259 466 1347 ἀμόρηι
482 1260 502 1340 1,
519 1258 621 1346 ἁμέρα
637 1260 672 1342 Ρ,
691 1259 807 1350 ημόραι
823 1260 865 1342 1,
888 1260 967 1342 667,
992 1260 1056 1325 682
1070 1261 1223 1328 πολλοῖσι
1238 1260 1288 1344 1Ρ,
1303 1262 1437 1341 πολλοῖς
1451 1260 1494 1341 1,

98 1367 162 1431 810
175 1360 257 1432 κεῖσ’
273 1364 321 1439 1Ρ,
337 1371 423 1431 κεῖσε
439 1364 481 1446 E,
503 1363 567 1428 830
582 1359 620 1431 θ’
634 1364 682 1443 1Ρ,
699 1360 729 1429 τ’
744 1364 787 1446 1,·
810 1363 873 1430 858
889 1360 1021 1430 κοόιτοτ’
1037 1364 1085 1447 1Ρ,
1101 1365 1155 1441 καί
1171 1364 1339 1445 ο11ιτοτ’1,
1361 1364 1424 1428 889
1439 1368 1494 1431 οὐ·

98 1470 156 1561 ρίηι
179 1509 217 1519 -
238 1471 346 1559 δρόμῳ
367 1469 415 1550 1Ρ,
437 1467 550 1555 οὐρίαν
563 1508 607 1517 —-
627 1470 753 1558 δρόμων
768 1469 795 1531 1
812 1476 957 1555 ‘utroque
973 1496 991 1534 ν
1006 1470 1122 1553 eraso’3
1146 1469 1223 1551 895,
1251 1469 1314 1533 926
1334 1468 1495 1547 ἐξανύσειν

99 1578 148 1658 1Ρ,
163 1575 345 1652 ἒξανόσσειν
360 1575 403 1657 1,
428 1575 510 1639 1024
524 1583 595 1654 στῶς
609 1571 641 1640 α’
656 1575 703 1651 1Ρ,
720 1584 791 1654 πῶς
806 1574 850 1657 1,
873 1574 957 1638 1044
971 1575 1199 1662 ιτροσλεύσσεις
1214 1574 1264 1645 1Ρ,
1284 1575 1495 1660 προσλεόσσει

102 1680 153 1760 0²,
169 1683 293 1766 primae
305 1702 420 1745 manus
436 1682 597 1766 scriptura
612 1681 807 1766 πραιτλεύσει
824 1680 923 1744 fuisse
936 1680 1078 1761 videtur,
1104 1680 1188 1745 1100
1199 1680 1279 1749 λαῶν
1291 1679 1339 1760 1Ρ,
1356 1680 1440 1744 λαῶν
1452 1677 1496 1758 1,

101 1785 182 1850 1187
202 1786 419 1872 ἀορυσσόντων
434 1785 445 1849 1
461 1807 540 1849 corr.
560 1785 594 1867 P,
616 1785 839 1871 όορυσσοήτων
854 1783 913 1866 11,
937 1783 1030 1849 1274.
1055 1784 1092 1848 E.
1110 1783 1152 1847 84
1167 1788 1290 1870 πατρὸς
1304 1782 1429 1868 χέοντες
1444 1782 1493 1859 1Ρ,

258 1906 289 1941 δυ

99 1963 205 2045 πατρὸ
229 1980 398 2041 σχεσοντες
417 1958 459 2039 1,
488 1959 565 2038 161,
597 1958 673 2038 182,
701 1958 779 2039 206,
807 1958 871 2021 236
891 1961 1067 2047 κακότητος
1086 1958 1190 2021 iecra
1204 1958 1241 2040 Ρ,
1263 1959 1438 2035 κακότατος
1453 1955 1497 2037 1,

99 2065 163 2130 309
178 2064 282 2148 πολλή
299 2059 624 2152 τ’11ζπολλῆστ1,
646 2062 710 2127 340
725 2061 882 2128 ἀκουστέα
899 2063 947 2141 1Ρ,
968 2061 1107 2129 ἀκοστεά
1123 2063 1159 2145 1,
1181 2062 1221 2127 cf.
1239 2064 1277 2126 Τ.
1294 2085 1324 2125 v.
1341 2061 1415 2142 431,
1433 2082 1497 2145 quo

100 2169 170 2233 loco
184 2170 318 2257 ἤκουσεν
332 2166 468 2253 praebet
485 2166 589 2231 codex
602 2167 613 2230 1
624 2176 660 2231 ut
674 2168 709 2249 P,
726 2189 800 2231 cum
813 2169 844 2230 in
857 2168 1075 2231 Laurentiano
1089 2167 1115 2230 L
1127 2168 1241 2254 ἤκουεν
1256 2169 1297 2231 sit
1312 2174 1498 2248 exaratum,

100 2273 165 2337 422
183 2281 228 2359 τῷ
249 2281 407 2336 mutatum
427 2272 460 2335 in
475 2265 500 2358 ᾧ
523 2294 586 2337 non
603 2270 686 2337 bene
707 2294 799 2335 eraso
815 2296 835 2336 τ
849 2271 870 2349 1,
886 2267 961 2360 pi),
976 2280 1036 2336 τῶι
1052 2270 1079 2333 1
1096 2275 1155 2356 (ηρ.
1172 2266 1197 2358 ᾧ
1213 2274 1245 2335 in
1262 2294 1325 2355 mg.
1342 2294 1384 2335 m.
1401 2270 1499 2357 rec),

99 2377 164 2441 482
179 2381 335 2464 ἀμναστεῖ
349 2377 370 2455 1,
386 2380 545 2461 ἀμναστεῖ
554 2376 589 2458 Ρ,
605 2379 761 2463 ἀμνηστεῖ
774 2376 816 2457 1,
838 2377 902 2440 516
922 2375 1043 2466 στρέφῃ
1060 2377 1108 2458 1Ρ,
1129 2374 1242 2463 τρέφηι
1259 2376 1301 2459 1,
1328 2375 1406 2456 850,
1434 2375 1499 2439 918

99 2491 174 2548 νῶιν
189 2478 218 2548 d'
229 2480 267 2570 ἦν
283 2480 333 2559 1Ρ,
352 2490 427 2547 νῶιν
441 2478 479 2569 ἦν
495 2481 536 2562 1,·
559 2480 635 2563 986,
662 2481 758 2561 1044,
787 2480 882 2560 1085,
909 2481 992 2545 1113
1007 2485 1103 2567 μικρὰ
1118 2480 1167 2556 1Ρ,
1189 2484 1305 2567 σμικρὰ
1321 2479 1364 2562 1,
1383 2480 1497 2544 eodem

99 2586 194 2651 modo
210 2608 262 2650 res
278 2606 312 2649 se
328 2584 427 2649 habet
443 2608 473 2648 v.
491 2585 589 2667 1142,
615 2584 698 2649 1255
714 2584 826 2651 δίκαια
841 2587 950 2670 χρόνος
965 2585 1022 2664 1Ρ,
1042 2587 1129 2652 ἀικαι
1145 2587 1277 2670 αχρόνος
1292 2584 1332 2663 L,
1356 2607 1401 2671 ηρ.
1417 2586 1497 2651 acida

99 2689 173 2757 δίκα
190 2688 233 2754 0²
256 2692 289 2753 in
311 2712 391 2773 mg,
422 2688 506 2754 1304
526 2688 701 2776 βουλοίμαν
721 2689 746 2771 1,
769 2688 943 2777 βουλοίμην
959 2690 998 2773 Ρ,
1023 2684 1173 2777 λεξαίμην
1189 2689 1229 2770 1,
1252 2711 1298 2775 γρ.
1321 2686 1498 2775 βουλοίμην

100 2798 202 2880 βραχύ
222 2792 278 2876 0⁷,-
302 2793 343 2857 cf.
361 2792 552 2858 Schneideri
567 2794 677 2859 adnot.
694 2793 779 2857 Anu.
797 2792 906 2879 philol.
924 2792 1026 2878 CXV,
1043 2816 1074 2878 p.
1091 2793 1169 2875 445,
1196 2793 1278 2857 1310
1299 2792 1310 2856 1
1326 2815 1400 2857 curn
1414 2792 1500 2856 libro

100 2900 245 2964 Parisino
262 2902 419 2963 consentit
433 2901 466 2963 in
482 2899 592 2962 verbis
608 2900 745 2984 φαιδρὸν
759 2902 885 2982 τούμόν,
908 2921 990 2984 quae
1011 2898 1122 2963 ordine
1142 2900 1270 2962 inverso
1286 2898 1319 2961 in
1335 2897 1362 2959 L
1378 2897 1500 2962 tradita

101 3013 188 3068 sunt:
211 3006 328 3087 τούμὸν
348 3003 493 3091 φαιδρὸν.
522 3004 563 3068 de
579 3002 688 3067 verbis
708 3004 908 3089 transpositis
929 3002 1013 3067 infra
1033 3002 1185 3067 nonnulla
1200 3003 1345 3067 dicemus
1365 3001 1416 3066 ad.
1434 3000 1500 3066 An.

207 3317 226 3383 ¹)
245 3318 298 3367 Per
314 3333 342 3368 se
359 3318 528 3383 intellegitur
545 3318 667 3367 codicum
684 3319 733 3368 let
746 3316 769 3366 L
781 3319 925 3383 scripturas
937 3318 1033 3383 respici
1046 3332 1098 3380 eas,
1113 3332 1179 3383 quas
1191 3334 1216 3383 p.
1228 3319 1279 3367 260
1289 3332 1346 3383 sqq.
1364 3318 1501 3382 proposui-

100 3420 166 3454 mus.
187 3406 324 3470 graviores
340 3407 487 3471 scripturae
503 3405 567 3470 ipsis
579 3405 667 3454 verbis
685 3410 879 3470 proponuntur,
900 3404 1015 3454 leviores
1027 3419 1152 3455 versuum
1170 3406 1287 3455 numeris
1304 3404 1499 3471 significantur.

101 3492 172 3557 quod
185 3492 219 3541 ad
234 3491 332 3541 codicis
343 3492 370 3541 P
380 3492 525 3557 scripturas
538 3490 649 3551 adtinet,
663 3506 742 3557 aegre
755 3506 821 3541 sane
833 3492 972 3543 ferendum
986 3496 1033 3554 est,
1047 3490 1119 3556 quod
1131 3494 1237 3557 integra
1249 3492 1329 3541 buius
1342 3492 1403 3542 libri
1412 3494 1500 3541 varie-

100 3586 141 3629 tas
154 3579 230 3629 nulla
242 3577 360 3628 editione
373 3578 523 3644 praebetur.
541 3578 694 3629 Dindorfius
706 3579 820 3629 selectas
833 3582 977 3645 scripturas
990 3594 1022 3629 ex
1035 3578 1171 3645 Antigona
1187 3584 1214 3629 et
1227 3594 1260 3628 ex
1273 3579 1411 3645 Oedipode
1423 3579 1501 3644 Rege

101 3667 142 3731 (in
159 3665 199 3715 ed.
220 3665 305 3715 Oxou.
319 3664 367 3715 ΙΙΙ.
385 3664 448 3715 voll.
463 3665 509 3715 III.
522 3671 549 3715 et
559 3666 643 3731 VIII.)
661 3666 795 3731 vulgavit,
817 3668 838 3716 Ι.
848 3668 883 3717 Η.
898 3668 1006 3733 Lipsius
1021 3667 1117 3728 Aiacis,
1134 3666 1267 3728 Electrae,
1285 3661 1500 3729 Trachiniarum,

101 3753 363 3804 Philoctetaevarias
372 3753 515 3818 scripturas
525 3753 626 3819 publici
637 3754 702 3803 iuris
714 3754 779 3803 fecii
790 3755 819 3802 in
834 3752 1339 3820 ‘AdparatusSophocleisupplemento'
1353 3768 1423 3803 anno
1432 3754 1500 3802 1867

102 3841 210 3906 Lipsiae
224 3839 304 3901 edito,
322 3838 504 3905 Campbellius
520 3840 549 3908 in
561 3835 697 3906 Antigona
714 3842 752 3890 eis
769 3856 834 3891 usus
852 3847 899 3905 est,
917 3856 985 3906 quae
998 3839 1152 3891 Dindorfius
1170 3845 1339 3902 enotaverat,
1357 3841 1386 3889 in
1404 3841 1503 3891 ceteris

102 3926 200 3977 fabulis
219 3926 337 3977 codicem
354 3928 412 3991 ipse
429 3925 557 3989 eontulit,
573 3928 620 3977 sed
638 3943 730 3977 omnes
747 3930 890 3994 scripturas
903 3930 990 3977 varias
1003 3942 1150 3994 proponere
1167 3928 1323 3993 supersedit,
1341 3927 1452 3977 Iahnius
1469 3928 1502 3976 in

102 4014 226 4065 Electrae
236 4014 354 4064 editione
366 4014 498 4078 integram
511 4014 591 4064 huius
602 4014 711 4065 fabulae
723 4017 879 4065 varietatem
890 4016 1034 4081 proposuit,
1048 4015 1077 4063 F.
1085 4013 1257 4063 Schubertius
1270 4016 1298 4062 in
1307 4013 1423 4074 Electra,
1436 4014 1501 4064 Phi-

102 4102 210 4164 locteta,
228 4102 365 4168 Oedipode
383 4100 509 4164 Coloneo,
522 4101 674 4151 Trachiniis
692 4102 735 4166 (cl.
753 4104 811 4152 eius
828 4103 972 4153 editionem
984 4102 1088 4167 Pragao
1106 4102 1168 4151 inde
1181 4102 1215 4151 ab
1232 4117 1303 4152 anno
1319 4102 1385 4151 1884
1397 4100 1502 4166 publici

103 4191 167 4239 iuris
179 4189 287 4253 factam)
305 4189 404 4239 codicis
416 4189 443 4239 P
457 4190 647 4254 scripturarum
664 4190 796 4239 rationem
813 4190 907 4240 habuit
923 4204 993 4239 nova
1011 4189 1110 4239 codicis
1123 4188 1266 4239 collatione
1282 4204 1356 4251 usus,
1369 4204 1449 4253 quam
1462 4188 1499 4239 H.

102 4276 230 4343 Lebegue
247 4277 371 4328 confecit.
396 4276 477 4327 etiam
491 4276 649 4341 Blaydesius
666 4281 693 4325 et
706 4275 861 4326 Subkoffius
877 4279 905 4325 in
918 4276 1068 4326 Trachiniis
1086 4275 1195 4325 edendis
1213 4278 1246 4341 (a.
1263 4276 1327 4325 1872
1341 4280 1369 4324 et
1381 4290 1405 4325 a.
1421 4275 1500 4339 1870)

103 4366 221 4415 codicem
235 4365 260 4414 P
271 4370 453 4429 respexerunt.
476 4378 546 4428 quae
563 4378 623 4413 cum
639 4364 677 4412 ita
695 4364 755 4425 sint,
773 4362 968 4428 Campbellium
981 4364 1090 4429 quidem
1106 4365 1135 4412 in
1152 4363 1214 4412 libri
1228 4363 1253 4412 P
1263 4363 1400 4428 scripturis
1416 4362 1502 4411 adno-

104 4453 191 4502 tandis
203 4467 308 4518 sequor,
325 4435 431 4513 sedita,
448 4456 479 4501 ut
491 4466 530 4513 ea,
548 4465 617 4516 quae
634 4452 717 4500 ceteri
730 4452 780 4500 viri
797 4451 870 4501 docti
882 4451 915 4501 de
928 4451 1020 4501 codiee
1032 4449 1079 4500 illo
1093 4450 1262 4513 rettulerunt,
1280 4465 1333 4499 non
1346 4448 1501 4514 neglegam.

104 4539 137 4588 de
149 4538 240 4589 multis
253 4537 319 4589 locis
329 4539 359 4588 F.
371 4538 544 4588 Schubertius
558 4553 574 4588 a
585 4552 629 4587 me
641 4542 750 4602 rogatus
762 4552 867 4587 summa
880 4554 940 4588 cum
953 4536 1115 4588 liberalitate
1127 4552 1175 4602 per
1187 4536 1290 4587 litteras
1303 4551 1345 4586 me
1358 4536 1502 4587 certiorem

104 4624 176 4673 feeit.
