3225 5092
1446 250 1601 319 49ἶ

89 443 260 508 zodiacum
286 443 444 508 collocato
465 451 594 528 agatur,
619 445 724 528 potius
749 443 791 508 ad
813 419 993 530 Sphaeram
1017 444 1239 531 barbaricam,
1264 447 1393 533 qualem
1418 469 1490 512 eam

91 548 191 612 fuisse
213 570 273 632 ego
294 556 416 630 statuo,
441 549 604 635 pertinere
625 548 788 628 videatur3
813 557 922 614 tamen
941 558 1048 636 potest
1067 550 1148 614 haec
1169 550 1318 637 Nigidius
1337 553 1371 617 in
1391 549 1490 616 Grae-

90 654 204 716 canica
212 654 383 717 occasione
392 652 470 716 data
478 652 660 731 adnotasse,
675 662 710 717 ut
720 655 976 719 catasterismum
985 653 1161 719 Caniculae
1170 679 1235 719 una
1247 679 1321 721 cum
1328 643 1489 740 Erigonae

89 756 201 822 fabula
214 755 258 821 ad
268 757 412 840 Virginis
425 759 552 842 signum
564 757 668 822 elatae
677 760 845 839 tractavit3
863 768 954 822 certe
961 759 1047 823 hanc
1063 762 1254 826 senteutiam
1270 760 1371 843 alteri,
1391 782 1490 845 quam

90 861 290 946 ignoramus,
308 861 493 946 explicandi
510 884 607 927 causa
622 862 809 926 adiunctam
826 863 925 927 fuisse
942 862 1058 928 vocula
1070 865 1175 929 ‘euim'
1187 864 1307 930 indicio
1322 873 1379 929 est.
1401 887 1492 950 prae·
1602 932 1603 941 ,

92 974 181 1030 terea
209 967 243 1030 iu
267 964 414 1052 Sphaera
441 965 613 1032 barbarica
640 966 776 1032 fortasse
802 967 894 1032 aliter
919 967 1050 1052 Nigidio
1075 969 1249 1033 dicendum
1272 971 1346 1051 fuit,
1374 971 1420 1033 ita
1443 979 1489 1051 ut,
1602 956 1603 979 ³

91 1070 370 1156 quemadmodum
385 1072 548 1136 Firminus
565 1071 652 1153 fecit,
674 1071 807 1156 singulis
829 1072 953 1136 zodiaci
974 1075 1074 1156 signis
1091 1073 1217 1158 singula
1237 1073 1344 1137 sidera
1364 1095 1438 1138 cum
1452 1075 1491 1137 iis

90 1176 229 1240 orientia
245 1175 315 1239 sive
332 1176 514 1241 occidentia
529 1174 740 1240 adscriberet.
778 1186 865 1241 certe
882 1176 966 1240 hanc
982 1176 1022 1241 ob
1038 1200 1107 1242 rem
1124 1179 1249 1243 irritam
1264 1178 1334 1242 fieri
1350 1200 1423 1242 eam
1437 1200 1491 1241 ex·
1585 1166 1603 1239 ¹J

88 1279 298 1365 plicationem
315 1279 427 1344 iubere
443 1280 525 1363 nolo,
543 1303 607 1364 qua
623 1289 769 1366 accepta,
786 1280 819 1344 id
836 1281 922 1365 quod
937 1274 1122 1364 gravissimi
1134 1291 1182 1346 est
1194 1284 1357 1363 momenti,
1373 1285 1491 1368 optime
1603 1326 1604 1353 1

88 1383 302 1470 intellegitur,
331 1407 389 1448 cur
412 1407 432 1448 a
454 1385 628 1449 scholiasta
652 1382 840 1449 Germanici
863 1385 1014 1470 Nigidius
1036 1394 1162 1450 tantum
1185 1387 1227 1450 ad
1250 1387 1375 1451 zodiaci
1399 1388 1491 1470 signa
1603 1358 1604 1431 l

89 1489 274 1554 enarranda
294 1488 459 1553 adhibitus
481 1490 537 1552 sit:
558 1490 710 1553 nimirum
730 1491 890 1574 interpres
910 1488 978 1574 ille,
999 1497 1035 1552 ut
1053 1489 1239 1575 Ampelius,
1260 1489 1327 1554 sola
1347 1489 1492 1575 Sphaera
1603 1502 1604 1507 ’

90 1591 299 1658 Graecanica
314 1615 390 1656 usus
411 1592 498 1679 est.¹)
531 1592 616 1657 unde
638 1615 696 1657 cur
715 1614 780 1656 non
800 1593 841 1656 de
857 1593 994 1679 planetis
1015 1615 1143 1680 quoque
1164 1595 1324 1679 quaedam
1340 1594 1491 1676 hauserit,

89 1697 123 1761 in
142 1718 242 1762 causa
257 1697 363 1781 idest,
380 1695 467 1782 quod
478 1718 584 1781 neque
597 1696 638 1760 de
650 1696 788 1781 planetis
804 1706 893 1761 tanto
909 1720 1006 1783 opere
1018 1697 1169 1782 Nigidius
1185 1698 1228 1762 ab
1240 1697 1310 1762 aliis
1323 1698 1491 1763 dissentire

90 1803 197 1888 potuit
221 1809 253 1866 et
276 1801 449 1866 scholiasta
476 1801 604 1866 omnino
631 1800 855 1867 tantummodo
877 1804 910 1866 in
938 1802 1002 1866 fine
1026 1805 1248 1868 commentarii
1271 1802 1416 1867 breviter
1437 1826 1490 1867 ex-

89 1908 286 1992 positionem
301 1906 343 1971 de
359 1905 459 1970 stellis
476 1907 622 1970 erraticis
638 1904 787 1970 absolvit.

193 2011 311 2077 Iamsi
332 2012 531 2096 quaerimus,
555 2032 635 2095 quos
663 2020 812 2075 auctores
831 2011 982 2096 Nigidius
1004 2013 1038 2076 in
1062 2010 1190 2097 fabulis,
1215 2034 1298 2097 quae
1321 2012 1364 2076 ad
1384 2011 1492 2075 sidera

89 2117 266 2201 pertinent,
283 2115 473 2180 enarrandis
491 2123 620 2178 secutus
637 2117 686 2197 sit,
708 2117 880 2199 primarius
896 2116 968 2181 fons
984 2116 1052 2179 sine
1068 2115 1168 2180 dubio
1183 2116 1414 2181 Eratosthenes
1430 2118 1491 2180 erit
1605 2132 1606 2185 ἴ

92 2218 277 2303 habendus,
301 2241 497 2306 quamquam
512 2219 647 2303 Figulus
664 2219 855 2306 plerumque
872 2222 950 2284 satis
965 2220 1067 2285 libero
1083 2220 1178 2284 modo
1193 2218 1277 2285 illius
1292 2220 1493 2284 narrationes
1605 2278 1606 2289 .

89 2327 121 2388 iu
137 2347 235 2390 usum
250 2347 344 2390 suum
362 2324 559 2389 convertisse
578 2325 717 2389 videtur.
749 2346 829 2410 quas
849 2347 923 2389 eum
944 2347 1018 2389 suas
1038 2324 1155 2389 fecisse
1170 2324 1220 2389 his
1235 2325 1314 2390 locis
1329 2323 1490 2389 videmus:

90 2430 189 2495 schol.
209 2429 252 2494 ad
269 2428 380 2494 Germ.
399 2429 524 2493 Aratea
541 2451 572 2515 p.
592 2428 642 2508 74,
663 2428 702 2492 12
724 2451 794 2515 sqq.
813 2429 868 2516 (de
889 2429 1021 2515 Tauro),
1044 2429 1084 2493 cf.
1102 2429 1191 2493 Erat.
1206 2429 1326 2494 Catast.
1344 2429 1394 2492 ed.
1408 2427 1489 2493 Rob.

8 2543 12 2622 ᾗ
90 2557 120 2620 p.
137 2535 215 2617 1063
237 2534 365 2620 Ampcl.
380 2557 408 2602 c.
420 2533 464 2616 ΙΙ,
482 2531 572 2618 4(de
585 2532 734 2619 Cancro),
757 2533 797 2597 cs.
817 2533 938 2599 Catast.
956 2556 987 2619 p.
1006 2533 1048 2597 88
1065 2556 1128 2620 sq.;
1150 2533 1247 2598 schol.
1265 2557 1296 2619 p.
1316 2533 1366 2616 72,
1386 2533 1402 2595 1
1421 2553 1489 2618 sqq.

91 2640 147 2725 (de
163 2640 300 2726 Leone),
327 2639 368 2704 cf.
390 2636 510 2703 Catast.
532 2660 563 2724 p.
585 2636 637 2719 96,
660 2637 681 2700 5
707 2660 791 2724 sqq,
816 2660 848 2723 p.
866 2638 923 2724 65,
944 2637 1085 2723 20-61,
1108 2639 1148 2700 14
1168 2638 1223 2726 (de
1240 2638 1376 2721 Virgine
1397 2646 1430 2700 et
1449 2637 1490 2701 de

91 2743 274 2830 Canicula),
291 2743 334 2807 cf.
348 2742 470 2808 Catast.
484 2765 515 2829 p.
530 2741 581 2823 82,
596 2739 762 2827 ‘Catalog'
775 2765 807 2827 p.
822 2742 863 2806 39
876 2765 961 2829 sqq,
977 2765 1009 2828 p.
1023 2743 1074 2827 90,
1090 2743 1129 2806 10
1142 2763 1211 2828 sqq.
1225 2742 1280 2828 (de
1293 2741 1490 2826 Sagittario),

9 2881 11 2922 .
90 2849 131 2914 cf.
146 2847 270 2914 Catast.
284 2870 315 2934 p.
332 2846 403 2911 150.
435 2868 541 2932 porro,
562 2868 644 2931 quac
665 2846 897 2911 Eratosthenes
917 2857 1122 2930 narraverat,
1143 2849 1239 2911 etiam
1261 2846 1316 2910 ubi
1336 2868 1400 2910 non
1420 2867 1490 2932 pro·

9 2961 11 3020 ³.
90 2952 206 3037 babat,
233 2951 385 3038 Nigidius
414 2951 703 3032 commemorabat,
732 2953 823 3016 ouius
846 2953 893 3015 rei
915 2951 998 3016 haec
1021 2952 1166 3017 adferam
1190 2949 1355 3035 exempla:
1389 2949 1488 3015 schol.

10 3091 13 3136 ;
90 3056 202 3123 Germ.
216 3078 247 3142 p.
262 3056 313 3139 81,
329 3057 344 3119 1
363 3054 418 3142 (dc
435 3054 575 3141 Ariete)
593 3059 722 3138 ‘cetera
739 3065 775 3118 ut
790 3057 938 3141 superius
954 3057 1075 3142 scripta
1090 3063 1174 3140 sunt,
1194 3055 1314 3137 resert',
1331 3053 1373 3118 cf.
1391 3077 1490 3140 supra

10 3173 12 3198 ³
92 3161 253 3247 ‘quaestt'
270 3183 301 3247 p.
316 3159 371 3242 39,
388 3159 466 3225 ibid.
480 3184 510 3248 p.
524 3159 575 3241 69,
591 3159 695 3224 1-12
712 3160 768 3246 (de
784 3159 956 3246 Geminis).

194 3265 262 3330 Sed
274 3273 405 3350 praeter
416 3263 639 3329 Eratosthenis
655 3262 847 3349 ‘Catalogos'
860 3266 958 3329 etiam
974 3265 1205 3330 reconditiores
1222 3263 1364 3327 thesauri
1376 3264 1492 3329 doctri-

10 3361 15 3462 ,
89 3393 150 3435 nae
166 3371 198 3434 in
212 3369 414 3456 exphcandis
427 3367 587 3433 sideribus
599 3371 758 3433 versantis
770 3368 885 3453 Figulo
902 3378 1031 3455 praesto
1043 3369 1142 3432 fuisse
1153 3368 1315 3431 videntur.
1343 3378 1491 3433 auctores

11 3467 18 3552 J
91 3478 178 3540 euim
200 3475 243 3540 ab
264 3474 480 3538 Eratosthene
503 3472 625 3537 alienos
649 3473 783 3538 fortasse
799 3474 935 3558 Figulus
958 3474 1039 3538 adiit
1061 3473 1110 3537 his
1133 3472 1222 3554 locis,
1248 3510 1286 3518 -
1311 3473 1338 3535 si
1359 3472 1492 3558 quidem

11 3579 17 3592 “
90 3602 132 3644 ex
157 3579 283 3644 silentio
307 3580 517 3663 scriptorum,
542 3578 700 3663 equibus
729 3580 835 3664 operis
857 3577 1095 3642 Eratosthenici
1123 3578 1298 3661 imaginem
1326 3575 1488 3641 Rohertus

11 3675 15 3746 1
91 3685 242 3768 restituit,
258 3683 323 3748 talc
339 3682 417 3769 quid
431 3681 582 3766 colligere
597 3682 687 3746 licet:
704 3682 802 3747 schol.
817 3682 927 3746 Germ.
941 3704 972 3767 p.
987 3682 1038 3764 80,
1051 3681 1070 3744 8
1084 3703 1153 3768 sqq.
1168 3680 1224 3767 (de
1236 3678 1378 3766 Ariete),
1394 3704 1427 3766 p.
1439 3680 1490 3763 68,

94 3789 131 3851 18
146 3810 217 3874 sqq.
232 3795 263 3852 et
278 3811 309 3874 p.
324 3787 376 3870 69,
392 3787 431 3852 13
444 3808 513 3873 sqq.
525 3786 597 3852 coll.
606 3786 703 3873 Amp.
714 3787 758 3870 ΙΙ,
771 3788 790 3851 3
803 3787 859 3874 (de
872 3786 1048 3873 Geminis)3
1061 3785 1190 3873 Ampol.
1203 3784 1246 3867 Π,
1261 3784 1278 3846 1
1292 3785 1348 3870 (de
1360 3784 1491 3868 Libra),

197 4034 217 4099 ¹)
231 4035 393 4100 Roohrigius
410 4050 434 4099 p.
446 4036 479 4084 32
498 4035 668 4086 scholiastam
687 4041 733 4086 aut
751 4041 854 4101 partem
872 4035 967 4101 operis,
984 4037 1012 4083 in
1029 4049 1083 4100 qua
1102 4034 1153 4083 hae
1172 4033 1275 4083 zodiaci
1293 4030 1401 4080 fabulae
1418 4029 1492 4080 solae

21 4159 24 4174 .
92 4121 249 4184 exstabant,
267 4127 314 4172 aut
332 4127 460 4188 excerpta
477 4122 609 4187 quaedam
626 4123 728 4172 zodiaci
746 4122 852 4172 tabulas
868 4123 1012 4172 tractantis
1029 4122 1175 4185 inspexisse
1192 4120 1263 4171 dicit.
1289 4118 1336 4168 sed
1351 4119 1447 4167 mirum
1463 4119 1492 4166 in

13 4239 15 4252 .
91 4209 199 4259 modum
214 4224 305 4259 secum
318 4214 431 4274 pugnat,
444 4225 504 4259 cum
517 4226 542 4275 p.
554 4210 587 4259 35
601 4225 632 4259 eo
645 4211 702 4276 ipso
716 4215 884 4275 argumento,
902 4208 973 4274 quod
985 4207 1124 4272 Ampelius
1138 4223 1160 4257 c.
1170 4207 1204 4256 11.
1215 4211 1321 4272 praeter
1336 4204 1442 4254 fabulas
1458 4204 1492 4254 ad

91 4295 232 4346 zodiacum
245 4301 399 4362 spectantes
412 4295 501 4346 nullas
514 4296 631 4359 exhibet,
648 4299 740 4360 utitur,
758 4302 788 4346 ut
800 4295 952 4362 Ampelium
967 4295 1059 4344 eodem
1074 4294 1161 4357 modo,
1179 4309 1231 4358 quo
1244 4292 1415 4343 scholiastam
1427 4292 1492 4342 Ger-

92 4385 203 4446 manici,
229 4389 355 4449 excerpta
377 4383 447 4433 solas
469 4383 572 4433 zodiaci
588 4383 692 4434 fabulas
709 4385 854 4434 tractantis
870 4382 1024 4432 adhibuisse
1042 4380 1194 4431 contendat.
1223 4387 1413 4445 contraquam
1430 4394 1491 4428 con·

91 4473 222 4521 iacturam
235 4470 263 4520 id
275 4471 362 4535 ipsum
376 4471 450 4533 facit,
468 4471 546 4535 quod,
565 4486 612 4520 cur
630 4486 670 4534 ea,
688 4485 758 4536 quae
770 4470 804 4519 ad
817 4470 920 4519 zodiaci
932 4470 1010 4535 signa
1021 4470 1165 4535 pertinent,
1182 4468 1382 4518 accuratissime
1398 4468 1444 4529 ita,
1461 4472 1493 4516 ut

91 4559 254 4608 narrationis
266 4557 427 4623 Nigidianae
440 4559 517 4623 quasi
528 4559 617 4624 imago
631 4558 708 4608 nobis
725 4562 949 4622 repraesentetur,
967 4562 1105 4622 excerpta,
1121 4555 1226 4620 reliqua
1242 4569 1349 4620 prorsus
1367 4555 1492 4620 neglecta

89 4647 151 4708 sint,
165 4646 211 4694 vix
224 4643 401 4711 intellegitur.

142 4746 310 4787 ornamenta
324 4746 497 4798 philotvindob.
511 4747 540 4788 11.
1318 4730 1334 4776 4
