3225 5092
194 401 290 483 Quod
317 423 392 465 cum
419 399 604 466 accusativo
636 403 804 466 coniunxit
829 401 972 466 Iustinus
999 401 1136 467 verbum
1164 399 1288 464 latere
1320 399 1369 476 13,
1394 399 1423 479 8,
1447 399 1482 480 63
1592 402 1594 421 ³

102 506 181 590 31,2,
191 505 221 589 2,
237 505 272 569 id
287 530 307 570 a
322 505 449 590 vulgari
465 528 612 571 sermone
627 508 685 569 vix
700 506 776 570 licet
792 509 970 590 seiungere.
1001 528 1076 571 nam
1092 505 1180 592 apud
1195 503 1336 569 urbanos
1351 505 1483 589 scripto·
1592 492 1594 521 ³

101 632 144 674 res
157 610 238 675 baec
255 611 450 674 constructio
466 632 530 674 non
546 619 666 677 exstat:
687 612 846 696 reperitur
861 610 949 696 apud
965 610 1145 675 Varronem
1159 617 1257 694 atque
1273 609 1304 671 in
1321 611 1368 673 eis
1382 605 1483 691 libris,

101 713 255 798 inquibus
274 717 411 780 materia
431 736 514 800 quae
534 724 692 780 tractatur
711 705 891 780 sermonem
911 716 1046 799 requirit
1064 713 1271 796 cotidianum,
1292 712 1365 777 dico
1385 712 1483 777 libros
1592 802 1593 805 Ἴ

100 817 134 880 de
148 841 180 881 re
193 827 270 882 rust.
286 819 314 904 1,
327 819 383 884 40:
402 822 511 883 ‘unum
527 818 614 904 quod
629 818 708 883 latet
722 829 868 883 nostrum
880 819 1029 884 sensum’.
1056 821 1152 882 etiam
1165 817 1299 903 Gellius,
1317 817 1407 882 cuius
1420 839 1482 882 ser-

100 925 174 986 moni
190 923 307 988 multas
324 924 487 988 immixtas
509 945 580 988 esse
596 931 721 988 constat
736 923 912 988 locutiones
927 923 1089 1008 vulgares,
1110 923 1203 986 huius
1223 932 1403 986 structurae
1419 921 1483 986 duo
1592 992 1593 997 η

100 1025 224 1091 exhibet
247 1027 412 1115 exempla:
437 1027 466 1109 9,
487 1028 536 1113 16,
556 1028 588 1109 13
614 1027 663 1106 13,
681 1017 733 1109 29,
750 1027 779 1105 6,
801 1029 846 1091 ita
865 1035 983 1105 tamen,
1005 1037 1042 1091 ut
1061 1038 1198 1112 utroque
1217 1027 1288 1090 loco
1308 1026 1482 1112 praecedat
1592 1026 1593 1071 ³

99 1130 226 1196 verbum
249 1131 392 1216 ‘fugere'.
428 1154 512 1217 quae
536 1154 609 1196 cum
632 1133 677 1197 ita
701 1133 777 1213 sint,
802 1134 907 1201 minus
927 1132 967 1197 de
989 1131 1114 1196 Graeci.
1129 1133 1284 1196 sermonis
1307 1133 1482 1195 imitatione
1590 1156 1593 1203 1

98 1234 231 1318 (λανθάνει
244 1235 293 1322 με)
307 1235 529 1321 cogitabimus,
546 1235 631 1322 quod
644 1235 723 1302 facit
734 1236 895 1320 Reisigius
908 1235 1031 1300 Schol.²
1041 1258 1073 1321 p.
1083 1234 1157 1318 600,
1174 1257 1271 1321 quam
1287 1237 1328 1299 de
1340 1236 1483 1319 vulgaris

97 1337 177 1402 latini
194 1339 436 1406 consuetudine.

192 1443 247 1509 Ad
256 1445 396 1510 eundem
405 1465 587 1510 sermonem
603 1444 780 1510 referamus
793 1453 919 1529 oportet
926 1467 1021 1509 usum
1029 1443 1263 1511 adiectivorum
1276 1445 1309 1508 in
1322 1444 1483 1510 -bundus
1592 1448 1593 1515 j

98 1546 315 1613 desinentium.
347 1571 389 1612 ex
410 1571 473 1635 quo
493 1571 612 1633 genere
632 1559 681 1613 est
702 1537 984 1633 meditabundus,
1006 1547 1092 1633 quod
1112 1570 1185 1613 cum
1205 1551 1391 1614 accusativo
1411 1571 1483 1615 con·
1592 1556 1593 1635 J

22 1705 23 1712 ,
98 1661 247 1716 structum
263 1653 411 1717 videmus
426 1652 478 1735 38,
493 1654 522 1736 3,
537 1654 554 1716 7
573 1655 694 1718 ‘omnes
710 1653 768 1718 has
784 1662 896 1737 gentes
906 1652 1088 1717 Romanum
1099 1653 1351 1718 meditabundus
1363 1652 1482 1718 bellum
1592 1672 1593 1707 1

21 1747 22 1750 '
96 1757 187 1845 variis
203 1755 435 1822 beneficiorum
456 1757 644 1824 muneribus
660 1761 724 1824 iam
746 1766 821 1822 ante
836 1756 1015 1821 inlexerat'.
1045 1757 1126 1821 tales
1145 1757 1264 1822 formas
1283 1760 1316 1821 in
1337 1779 1483 1822 sermone
1592 1744 1593 1811 }

97 1859 214 1943 plebeio
233 1860 328 1926 latius
349 1864 490 1946 patuisse
509 1862 585 1926 inde
605 1863 831 1946 intellegimus,
853 1861 939 1948 quod
958 1884 1023 1926 non
1044 1861 1146 1926 solum
1165 1864 1200 1926 in
1214 1863 1340 1947 priscae
1355 1863 1483 1946 linguae

96 1964 231 2050 reliquiis
247 1967 458 2030 inveniuntur
470 1967 558 2032 velut
573 1967 661 2052 apud
676 1966 838 2031 Naevium
854 1966 892 2030 fr.
901 1965 967 2031 fab.
980 1965 1042 2031 120
1057 1966 1095 2030 R.
1113 1966 1367 2044 ‘cassabundus',
1384 1966 1482 2031 Lucr.

96 2068 121 2152 4,
131 2069 195 2150 690
212 2069 446 2152 ‘errabundus',
469 2070 526 2136 sed
542 2072 638 2136 etiam
654 2071 742 2156 apud
762 2073 935 2156 scriptores
955 2073 1086 2136 minime
1107 2071 1281 2155 elegantes,
1301 2073 1399 2135 immo
1419 2070 1483 2157 ple·
1592 2060 1593 2069 ¹

96 2172 187 2260 beios,
204 2176 245 2239 cf.
261 2174 335 2240 bell.
348 2173 418 2239 Afr.
432 2175 462 2257 2,
475 2175 509 2256 53
527 2174 577 2252 21,
592 2175 612 2239 3
628 2185 660 2239 et
675 2175 803 2240 Vitruv.
816 2174 847 2256 4,
860 2175 962 2259 praef.
978 2175 994 2236 1
1012 2173 1235 2254 ‘errabundus'
1252 2185 1284 2239 et
1299 2175 1427 2240 Petron.
1442 2175 1484 2239 62

96 2278 346 2344 ‘cantabundus'.
378 2278 428 2343 his
444 2278 522 2344 locis
544 2279 704 2344 accedunt
724 2278 878 2344 nonnulla
894 2281 1045 2364 exempla
1058 2280 1093 2343 in
1108 2279 1251 2364 Vulgata
1267 2302 1350 2367 quae
1366 2281 1484 2345 dicitur
1592 2278 1593 2345 j

23 2423 24 2426 ¹
95 2385 258 2465 exstantia,
275 2405 359 2468 quae
372 2382 571 2447 Roenschius
584 2406 615 2469 p.
627 2383 686 2448 138
701 2385 871 2467 congessit.
897 2384 1037 2470 denique
1050 2405 1092 2448 ex
1108 2385 1371 2471 inscriptionibus
1382 2387 1483 2471 parie-

93 2489 175 2551 tariis
184 2487 393 2572 Pompeianis
406 2486 523 2552 adtulit
535 2485 733 2551 (luerickius
745 2509 776 2572 p.
787 2487 830 2551 33
839 2487 1049 2552 ‘ruibundus'.
1072 2488 1130 2552 sed
1139 2488 1408 2554 ‘meditabundus'
1419 2512 1484 2554 non

95 2592 201 2654 unicus
217 2593 304 2677 apud
317 2593 477 2657 Iustinum
492 2594 582 2656 testis
596 2601 643 2655 est
658 2591 751 2656 huius
767 2594 889 2657 formae
905 2593 992 2678 plebi
1008 2595 1144 2657 usitatae
1157 2592 1268 2679 (immo
1280 2594 1342 2659 alia
1356 2617 1484 2680 quoque

94 2695 306 2777 inveniuntur,
328 2696 429 2761 veluti
451 2695 727 2780 ‘gratulabundus’
749 2695 826 2779 6,8,
846 2696 895 2774 13,
916 2697 1177 2762 ‘exultabundus'
1200 2698 1251 2775 18,
1265 2699 1293 2781 7,
1313 2698 1362 2780 10,
1384 2699 1484 2784 ‘pudi-

93 2797 227 2864 bundus'
245 2799 297 2885 23,
310 2800 341 2884 4,
353 2800 388 2878 53
406 2800 456 2878 38,
471 2800 501 2876 8,
517 2800 582 2886 10),
603 2801 659 2865 sed
677 2800 779 2865 solum
796 2801 1067 2867 ‘meditabundus'
1084 2804 1176 2867 iuxta
1191 2825 1224 2866 se
1240 2801 1338 2868 habet
1353 2826 1484 2867 accusa-

92 2905 199 2970 tivum.
230 2904 283 2968 hic
305 2927 398 2969 casus
414 2907 543 2990 ponitur
559 2905 656 2970 etiam
672 2915 744 2991 post
759 2907 930 2991 participia
952 2928 1090 2970 exosus
1110 2917 1142 2971 et
1160 2894 1334 2993 perosus:
1358 2907 1408 2990 13,
1422 2907 1484 2991 8,2

95 3007 196 3092 ‘quam
223 3009 471 3095 (arrogantiam)
502 3011 593 3072 exosi
623 3011 719 3073 etiam
744 3009 786 3074 ad
812 3010 1020 3095 Antipatrum
1046 3013 1205 3095 gregatim
1235 3011 1484 3096 profugiebant,

96 3111 140 3189 l'l,
156 3114 185 3196 1,
201 3112 470 3199 4‘Agathoclem,
492 3114 593 3178 filium
614 3136 727 3178 suum.
743 3166 749 3179 .
764 3165 770 3178 .
783 3136 847 3178 non
868 3113 970 3180 solum
989 3115 1074 3180 ultra
1088 3117 1238 3200 patrium,
1259 3138 1372 3182 verum
1388 3119 1485 3181 etiam

95 3215 174 3281 ultra
196 3219 373 3283 humanum
394 3240 518 3282 morem
544 3240 677 3303 perosus
695 3269 701 3282 .
719 3269 725 3282 .
744 3269 750 3282 .
767 3218 948 3283 interfecit’.
984 3241 1066 3304 quae
1090 3243 1110 3285 a
1129 3219 1272 3303 Vergilio
1296 3231 1333 3285 ut
1355 3221 1486 3286 videtur

95 3323 194 3404 primo
217 3322 364 3386 adhibita
384 3321 481 3409 (Aen.
502 3321 532 3407 5,
551 3321 612 3386 687
635 3329 762 3386 ‘exosus
785 3321 828 3386 ad
852 3345 950 3387 unum
972 3323 1149 3406 Troianos,
1173 3325 1202 3408 6,
1217 3325 1282 3389 436
1303 3326 1484 3412 ‘lucemque

94 3425 223 3512 perosi')
245 3448 283 3491 ac
304 3426 440 3491 fortasse
461 3428 558 3490 etiam
578 3425 620 3490 ab
641 3449 678 3491 eo
699 3428 801 3511 primo
822 3426 960 3493 formata
979 3428 1011 3492 in
1027 3424 1284 3495 Livii‘abierunt
1303 3451 1484 3494 sermonem

95 3528 148 3613 (cf.
166 3531 197 3614 3,
214 3529 301 3615 58,1
326 3533 469 3615 ‘perosus
490 3530 750 3596 decemvirorum
770 3531 902 3595 scelera'
924 3531 989 3616 al).
1026 3541 1124 3618 atque
1143 3533 1258 3598 horum
1279 3535 1485 3598 similitudine

94 3632 252 3699 adductus
267 3635 411 3699 Iustinus
433 3637 529 3698 etiam
549 3636 719 3721 participio
735 3644 937 3719 pertaesus
957 3639 1179 3701 accusativum
1199 3637 1337 3704 subiecit
1357 3639 1408 3722 38,
1422 3639 1486 3717 9,4

95 3738 289 3804 ‘Demetrius
305 3741 467 3824 privatam
489 3741 548 3802 etsi
568 3739 752 3823 opulentam
768 3740 870 3805 ¹vitam
883 3748 1051 3825 pertaesus
1066 3743 1182 3805 tacitus
1196 3792 1202 3805 .
1217 3793 1224 3806 .
1239 3793 1245 3806 .
1259 3742 1370 3826 fugam
1386 3742 1485 3806 medi-

94 3843 199 3908 tatur'.
230 3842 367 3907 eandem
384 3853 577 3906 structuram
593 3841 680 3927 apud
697 3841 885 3906 Suetonium
901 3845 1092 3930 reperimus:
1108 3845 1168 3910 Iul.
1183 3846 1212 3929 7,
1225 3847 1310 3931 Aug.
1324 3846 1376 3929 62,
1393 3847 1486 3911 Taci-

95 3955 144 4010 tus
160 3955 274 4012 contra
288 3949 390 4012 utitur
405 3949 557 4031 genetivo
572 3947 658 4012 Ann.
675 3946 723 4030 15,
736 3947 788 4012 51.

571 4198 620 4254 De
643 4199 842 4256 accusativo
864 4200 1006 4259 verbali.

200 4362 273 4429 Vim
296 4363 555 4447 substantialem,
582 4387 665 4450 quae
689 4367 942 4450 uniuscuiusque
964 4368 1057 4431 verbi
1080 4367 1227 4432 inhaeret
1249 4371 1384 4452 notioni,
1407 4378 1485 4435 tam·

95 4488 194 4550 quam
215 4468 374 4532 obiectum
394 4489 469 4533 cum
485 4470 586 4535 verbo
606 4471 676 4554 ipso
696 4470 858 4535 interdum
879 4474 1040 4556 coniungi,
1061 4495 1125 4557 qua
1144 4496 1178 4536 re
1199 4475 1248 4537 vis
1264 4473 1356 4538 verbi
1377 4475 1486 4560 ampli-

93 4569 227 4652 ficatur,
248 4595 357 4638 omnes
380 4577 484 4638 sciunt
507 4597 547 4638 ac
566 4575 664 4640 talem
684 4579 909 4640 accusativum
928 4579 1057 4642 nomine
1075 4580 1252 4643 accusativi
1272 4580 1414 4645 verbalis
1434 4580 1485 4644 vel

1246 4683 1279 4734 6⁴}

1440 205 1587 270 83,

1536 4767 1565 4815 ,Α
