3225 5092
1456 206 1498 272 93

110 403 200 488 effici,
229 425 326 489 quam
351 413 387 468 ut
410 404 664 484 substantivum,
692 403 780 467 unde
804 402 941 489 pendet,
964 403 1147 466 accuratius
1171 401 1344 465 definiatur
1366 424 1405 465 ac
1429 422 1501 464 con-

110 509 266 572 stituatur.
299 517 406 572 utrum
427 499 504 572 vero
525 509 695 592 genetivus
717 506 897 571 obiectivus
917 530 957 570 an
978 506 1176 570 subiectivus
1196 505 1432 589 intellegendus
1452 508 1501 588 sit,

109 634 148 675 ex
162 619 227 676 toto
245 612 376 676 demum
391 611 567 676 verborum
583 633 708 676 conexu
724 611 979 694 intellegendum
995 619 1052 673 est.
1085 618 1181 694 atque
1196 609 1271 673 inde
1288 632 1386 694 saepe
1402 610 1447 691 fit,
1467 619 1503 673 ut

110 740 171 780 una
182 717 361 802 eademque
374 718 516 800 genetivi
529 719 678 780 iunctura
691 716 785 780 modo
798 716 988 796 subiective,
1004 724 1040 778 ut
1051 717 1096 778 ita
1109 714 1224 793 dicam,
1237 713 1331 780 modo
1344 714 1503 778 obiective

108 821 297 906 accipienda
313 823 361 884 sit.
393 822 502 906 itaque
523 822 550 884 si
565 822 735 904 genetivus
757 820 938 884 obiectivus
954 840 1050 905 quem
1065 828 1185 882 vocant
1201 841 1243 882 ex
1262 819 1389 883 obiecto
1406 840 1503 882 cnun-

109 926 174 988 tiati
197 935 286 988 ortus
309 933 372 1008 est,
395 924 490 989 facile
515 925 652 1009 adparet
675 924 936 1010 frequentissime
960 944 1034 986 eum
1056 923 1190 1006 adiungi
1213 924 1259 986 eis
1282 922 1502 1004 substantivis,

108 1050 188 1112 quae
204 1052 248 1092 ex
263 1028 372 1092 verbis
388 1030 563 1092 transitivis
580 1028 727 1092 derivata
742 1037 825 1092 sunt.
850 1028 992 1092 Iustinus
1004 1026 1065 1091 hac
1077 1029 1110 1091 in
1122 1050 1156 1090 re
1173 1049 1246 1090 cum
1263 1025 1355 1090 bonis
1372 1028 1503 1112 scripto-

109 1131 194 1196 ribus
213 1133 310 1219 plane
331 1135 504 1217 consentit,
529 1134 615 1217 quod
638 1132 739 1196 multa
762 1133 966 1196 substantiva
987 1130 1150 1195 abstracta
1170 1133 1202 1194 in
1223 1131 1284 1194 ί-10’
1306 1142 1338 1195 61
1359 1133 1428 1195 ‘us’
1450 1154 1502 1196 ex·

108 1240 224 1319 euntia,
245 1259 328 1322 quae
348 1237 449 1301 solam
470 1238 630 1301 actionem
651 1236 835 1320 designant,
857 1259 930 1300 cum
950 1237 1099 1319 genetivo
1116 1237 1295 1319 coniungit,
1317 1236 1418 1299 velut:
1442 1236 1504 1301 ‘ad-

107 1341 242 1425 miratio,
253 1341 405 1422 adulatio,
416 1343 631 1422 comminatio,
642 1341 1097 1426 contemplatio‚exspectatio,
1105 1339 1322 1424 exprobratio,
1331 1342 1504 1422 miseratio,

108 1447 287 1527 ostentatio,
300 1446 491 1523 recordatio,
504 1446 592 1526 ultio,
605 1445 805 1525 venditati0'3
823 1444 949 1526 ‘aditus,
962 1453 1148 1529 apparatus,
1163 1453 1375 1530 contemptus,
1388 1444 1503 1527 luctus,

107 1550 284 1633 respectus'
300 1551 340 1613 al.
373 1561 541 1636 praeterea
562 1549 662 1614 multa
682 1549 887 1613 substantiva
906 1549 1069 1619 secundae
1090 1559 1122 1611 et
1141 1550 1265 1634 primae
1282 1548 1505 1613 declinationis

108 1653 268 1717 interdum
283 1677 373 1718 more
388 1677 454 1719 non
468 1657 514 1718 ita
530 1654 620 1718 solito
639 1653 824 1718 nominibus
840 1655 872 1716 in
888 1654 1039 1737 genetivo
1055 1653 1167 1737 positis
1182 1656 1366 1717 accuratius
1383 1653 1504 1735 definit,

107 1756 195 1822 velut
218 1758 247 1838 3,
268 1758 335 1840 6,2
356 1760 458 1822 ‘cuius
480 1757 585 1844 (belli)
601 1758 787 1838 auxilium,
810 1757 840 1838 6,
857 1756 887 1835 2,
908 1758 923 1818 1
948 1755 1078 1820 ‘auxilia
1100 1757 1225 1820 navalis
1249 1756 1345 1838 belli’,
1368 1757 1420 1834 22,
1438 1758 1506 1838 6,4

108 1861 238 1925 ‘auxilio
254 1861 372 1946 fugae’,
393 1863 446 1943 23,
462 1865 489 1945 1,
505 1863 544 1926 15
561 1861 727 1926 ‘auxilium
744 1861 946 1925 Graecarum
962 1860 1162 1940 civitatium',
1182 1859 1234 1943 43,
1248 1860 1312 1942 3,5
1329 1861 1504 1927 ‘latrocinio

106 1967 213 2030 maris’
227 1966 282 2052 (cf.
297 1966 371 2031 Seu.
385 1965 493 2030 Contr.
511 1968 537 2048 1,
551 1967 581 2048 2,
595 1965 640 2047 8),
657 1965 708 2042 22,
722 1966 751 2049 4,
765 1967 785 2029 3
798 1965 934 2029 ‘consilii
947 2016 954 2028 .
969 2017 975 2029 .
991 2016 997 2028 .
1011 1965 1182 2028 silentium'
1197 1964 1253 2049 (cf.
1270 1964 1318 2046 10,
1334 1966 1360 2045 l,
1376 1967 1396 2028 6
1409 1966 1505 2031 ‘sileri

107 2074 210 2152 potuit
231 2071 478 2157 parricidium'),
499 2071 551 2153 44,
568 2071 632 2152 2,3
654 2071 790 2134 ‘silentio
806 2092 914 2134 rerum
932 2069 1149 2149 creditarum',
1170 2068 1200 2149 3,
1216 2067 1247 2150 5,
1264 2069 1284 2131 9
1305 2069 1507 2134 ‘damnorum

108 2175 247 2256 solacia’,
272 2176 320 2260 18,
342 2177 370 2256 l,
388 2177 408 2240 3
429 2175 559 2240 ‘solacia
579 2174 774 2260 longinquae
798 2173 1036 2260 expeditionis’,
1059 2172 1089 2250 8,
1106 2172 1136 2253 3,
1156 2172 1194 2235 11
1217 2174 1389 2258 ‘parricidii
1411 2176 1505 2256 voto',

110 2280 156 2360 11,
169 2279 238 2360 5,4
254 2279 341 2343 ‘belli
358 2280 453 2362 vota',
476 2279 527 2360 20,
541 2279 572 2360 4,
586 2279 605 2341 8
623 2281 874 2343 ‘matronarum
890 2330 896 2341 .
912 2329 917 2340 .
932 2278 1113 2341 doctrinam
1133 2288 1165 2339 et
1185 2277 1378 2362 puerorum',
1400 2279 1429 2363 3,
1442 2279 1473 2361 4,
1487 2280 1507 2342 3

108 2385 361 2466 ‘perseverantia
377 2384 462 2448 belli'
481 2384 537 2470 (cf.
554 2383 602 2460 12,
617 2383 647 2465 6,
664 2385 703 2448 15
720 2385 939 2469 ‘perseverate
954 2381 1062 2445 inedia
1079 2379 1167 2466 est'),
1189 2380 1219 2461 2,
1238 2381 1301 2465 9,5
1318 2383 1505 2449 ‘vindictam

108 2487 285 2570 pudicitiae
302 2487 438 2552 6010116.
471 2488 528 2552 sed
549 2497 584 2550 ut
603 2488 667 2551 iam
686 2489 719 2551 in
741 2488 935 2572 optimorum
954 2487 1147 2571 scriptorum
1168 2507 1314 2549 sermone
1336 2489 1508 2571 genetivus
1600 2468 1601 2477 ¹

107 2591 288 2656 obiectivus
307 2614 373 2656 000
393 2593 495 2656 solum
516 2602 585 2656 tum
605 2591 798 2672 admittitur,
820 2613 894 2654 cum
915 2589 1152 2653 substantivum
1171 2610 1288 2672 regens
1310 2591 1400 2655 verbi
1421 2603 1507 2656 tran-

108 2699 191 2760 sitivi
211 2697 309 2760 babet
323 2719 468 2777 sensum,
492 2696 549 2761 sed
571 2699 669 2760 etiam
689 2696 729 2759 dc
754 2695 965 2759 substantivis
984 2695 1106 2779 pendet
1126 2717 1145 2756 a
1165 2692 1274 2757 verbis
1295 2695 1507 2760 intransitivis

108 2801 229 2882 ductis,
254 2823 337 2886 quae
357 2803 507 2884 genetivo
528 2800 580 2864 vel
601 2799 782 2879 dativopvel
802 2799 947 2863 ablativo
966 2801 1157 2881 iunguntur,
1182 2800 1227 2862 ita
1242 2797 1279 2861 fit
1299 2800 1396 2865 etiam
1420 2801 1506 2886 apud

108 2905 277 2983 Iustinum,
295 2906 380 2990 quod
398 2929 439 2970 ex
455 2905 505 2969 his
521 2927 695 2988 cognosces
716 2902 889 2988 exemplis:
910 2902 1079 2967 taedium
1099 2902 1129 2983 3,
1143 2902 1172 2984 3,
1189 2901 1228 2965 10
1243 2905 1509 2986 ‘consuescendi’,

111 3009 157 3091 11,
179 3009 209 3091 l,
228 3009 247 3072 3
272 3010 476 3094 ‘longinquae
500 3008 652 3088 militiae',
680 3008 728 3089 14,
747 3007 814 3090 6,5
837 3007 960 3090 ‘longae
983 3005 1178 3087 obsidionis',
1203 3006 1254 3088 20,
1271 3006 1301 3084 5,
1320 3005 1340 3069 8
1361 3011 1509 3092 ‘quarum

110 3114 400 3197 (dissensionum)',
417 3114 625 3178 remedium
644 3111 792 3192 12,10,3
809 3111 957 3192 ‘veneni’,
977 3110 1026 3193 15,
1036 3110 1095 3191 3,6
1109 3110 1369 3192 ‘calamitatium',
1389 3113 1509 3196 16,3,6

111 3216 217 3282 belli.
233 3269 239 3280 .
255 3217 497 3302 pestilentiae,
518 3217 628 3281 favor
650 3215 700 3297 15,
718 3215 748 3296 2,
766 3216 785 3278 3
802 3217 939 3301 ‘paterni
955 3216 1112 3298 nominis',
1132 3215 1180 3298 17,
1193 3214 1254 3298 2,6
1267 3214 1404 3279 ‘ultionis
1416 3217 1509 3299 Lysi-

111 3323 238 3404 machi',
261 3321 313 3403 35,
326 3321 356 3406 2,
375 3322 394 3386 3
416 3323 550 3384 ‘iuvenis
571 3323 717 3399 accensi,
741 3320 790 3401 13,
808 3320 838 3401 6,
859 3320 912 3400 13,
936 3321 985 3401 14,
1003 3320 1033 3402 6,
1053 3321 1085 3398 1,
1105 3319 1157 3400 33,
1178 3320 1205 3404 1,
1222 3320 1243 3382 4
1265 3319 1344 3404 ‘sui',
1365 3319 1510 3384 fiducia

111 3427 139 3507 2,
153 3427 203 3510 10,
213 3426 271 3504 24,
291 3428 340 3507 11,
350 3427 380 3502 6,
392 3425 426 3507 8,
442 3426 577 3508 23,1,1,
594 3425 645 3502 24,
656 3426 685 3506 8,
698 3424 751 3506 16,
767 3425 819 3506 43,
831 3423 893 3504 5,3
906 3424 1053 3506 11111006,
1069 3425 1099 3505 6,
1112 3423 1143 3504 4,
1158 3424 1198 3487 10
1214 3424 1340 3488 ‘nullius
1357 3423 1510 3506 alterius’,

113 3531 160 3612 11,
173 3532 205 3612 4,
225 3530 266 3593 10
282 3531 449 3615 ‘quorum’,
473 3531 521 3610 11,
541 3529 591 3609 10,
611 3529 649 3592 12
666 3527 1017 3612 ‘Karthaginiensium',
1041 3527 1090 3608 12,
1107 3527 1137 3606 6,
1155 3527 1175 3589 3
1191 3528 1361 3591 ‘amicitiae
1381 3529 1509 3612 regiac',

114 3634 161 3716 12,
176 3635 206 3718 7,
221 3635 240 3697 6
258 3633 431 3717 ‘religionis
451 3632 563 3697 Liberi
584 3633 704 3719 patris',
728 3632 777 3715 12,
792 3632 842 3710 16,
859 3631 898 3695 10
915 3632 995 3712 ‘sui',
1016 3631 1067 3712 26,
1081 3631 1144 3712 3,4
1161 3631 1437 3716 pulchritudinis,
1459 3633 1510 3714 30,

113 3738 140 3822 3,
153 3737 171 3800 7
187 3738 439 3821 ‘Romanorum',
457 3738 508 3819 32,
521 3739 551 3817 4,
564 3737 585 3800 2
597 3737 822 3817 ‘Hannibalis',
840 3735 890 3817 39,
903 3735 933 3817 5,
948 3735 967 3798 6
981 3736 1267 3820 ‘septingentorum
1282 3735 1441 3817 filiorum',
1457 3736 1510 3819 42,

112 3843 174 3923 4,3
192 3843 425 3926 ‘cognationis',
447 3843 645 3906 successio
666 3841 696 3924 9,
709 3841 740 3923 2,
756 3844 771 3903 1
790 3841 893 3924 ‘regni
909 3839 1083 3924 Scythiae’,
1107 3838 1240 3924 13,·1,8,
1256 3837 1376 3923 17,1,4
1389 3841 1510 3923 ‘regni’3

114 3948 310 4032 praepositio
326 3957 501 4031 usurpatur
516 3947 577 4010 boc
593 3946 663 4012 loco
679 3946 709 4028 3,
721 3946 783 4028 4,8
801 3947 903 4009 ‘cuius
918 3942 1046 4030 (patris)
1062 3945 1095 4006 in
1112 3945 1338 4028 patn'monium
1350 3947 1511 4008 successio

114 4052 319 4135 speraretur'3
336 4050 641 4116 blandimentum
657 4050 708 4130 31,
722 4051 751 4131 7,
765 4051 785 4113 9
802 4049 924 4135 ‘pacis’,
940 4047 1164 4132 obsequium
1182 4048 1212 4128 3,
1221 4047 1280 4131 2,9
1297 4048 1510 4134 ‘principum',

116 4155 164 4235 13,
179 4154 267 4237 2,14
283 4156 454 4239 ‘tutorum',
475 4155 528 4237 22,
542 4154 572 4236 2,
586 4154 608 4216 8
622 4155 839 4232 ‘Poenorum'3
860 4154 1052 4238 praepositio
1072 4152 1227 4216 adiuncta
1246 4160 1295 4216 est
1314 4151 1366 4234 20,
1383 4152 1414 4234 4,
1432 4152 1452 4214 9
1468 4155 1512 4216 ‘in

114 4259 223 4341 11106,
242 4282 333 4323 usus
353 4259 383 4341 2,
397 4259 460 4341 2,9
482 4259 604 4324 lanae.
620 4309 626 4321 .
641 4279 700 4322 .ac
721 4257 879 4340 vcstium',
900 4255 931 4338 2,
948 4256 978 4338 6,
995 4256 1016 4320 5
1033 4254 1174 4319 ‘lanificii
1195 4264 1227 4318 et
1246 4255 1308 4319 olei
1329 4265 1361 4320 et
1379 4257 1455 4320 vini'
1470 4257 1511 4321 al.

115 4372 213 4448 atque
233 4366 331 4428 etiam
347 4386 405 4448 pro
425 4363 641 4427 locutionibus
662 4360 906 4427 adverbialibus
922 4361 1051 4446 ponitur
1070 4361 1251 4445 genetivus,
1272 4382 1346 4425 cum
1367 4360 1513 4426 substan·

115 4469 219 4530 tivum
238 4488 354 4550 regens
374 4466 416 4531 ad
436 4466 573 4531 verbum
593 4467 706 4531 referri
725 4475 846 4552 potest,
869 4464 954 4550 quod
975 4484 1093 4528 nomen
1117 4462 1271 4528 adsciscit
1293 4464 1436 4529 ablativo
1459 4488 1512 4529 ex-

116 4591 262 4655 pressum
291 4571 342 4635 vel
369 4572 561 4635 locutionem
588 4572 826 4657 praepositione
853 4570 1034 4633 formatam.
1077 4569 1110 4631 in
1141 4567 1203 4632 hoc
1233 4580 1341 4634 autem
1370 4572 1512 4653 genetivi
