<?xml version="1.0" encoding="UTF-8"?>
<!DOCTYPE html PUBLIC "-//W3C//DTD XHTML 1.0 Transitional//EN"
    "http://www.w3.org/TR/xhtml1/DTD/xhtml1-transitional.dtd">
<html xmlns="http://www.w3.org/1999/xhtml" xml:lang="en" lang="en">
 <head>
  <title>
</title>
<meta http-equiv="Content-Type" content="text/html;charset=utf-8" />
  <meta name='ocr-system' content='tesseract 3.04.00' />
  <meta name='ocr-capabilities' content='ocr_page ocr_carea ocr_par ocr_line ocrx_word'/>
</head>
<body>
  <div class='ocr_page' id='page_1' title='image "./dissertationesp06wiengoog_0171.png"; bbox 0 0 3225 5092; ppageno 0'>
   <div class='ocr_carea' id='block_1_1' title="bbox 98 220 159 285">
    <p class='ocr_par' dir='ltr' id='par_1_1' title="bbox 98 220 159 285">
     <span class='ocr_line' id='line_1_1' title="bbox 98 220 159 285; baseline 0.033 -2"><span class='ocrx_word' id='word_1_1' title='bbox 98 220 159 285; x_wconf 89' lang='grc'>160</span> 
     </span>
    </p>
   </div>
   <div class='ocr_carea' id='block_1_2' title="bbox 96 391 1497 497">
    <p class='ocr_par' dir='ltr' id='par_1_2' title="bbox 96 391 1497 497">
     <span class='ocr_line' id='line_1_2' title="bbox 96 391 1497 497; baseline -0.001 -22"><span class='ocrx_word' id='word_1_2' title='bbox 96 413 213 476; x_wconf 83' lang='grc'>1111111111</span> <span class='ocrx_word' id='word_1_3' title='bbox 222 391 379 497; x_wconf 83' lang='lat' dir='ltr'>quantum</span> <span class='ocrx_word' id='word_1_4' title='bbox 388 408 568 472; x_wconf 86' lang='lat' dir='ltr'>adamatae.</span> <span class='ocrx_word' id='word_1_5' title='bbox 585 407 666 471; x_wconf 91' lang='lat' dir='ltr'>tales</span> <span class='ocrx_word' id='word_1_6' title='bbox 679 415 754 471; x_wconf 92' lang='lat' dir='ltr'>sunt</span> <span class='ocrx_word' id='word_1_7' title='bbox 764 413 911 490; x_wconf 77' lang='grc' dir='ltr'>τεκμήριον</span> <span class='ocrx_word' id='word_1_8' title='bbox 921 409 962 490; x_wconf 74' lang='grc' dir='ltr'>δέ,</span> <span class='ocrx_word' id='word_1_9' title='bbox 968 409 991 492; x_wconf 93' lang='grc'>1)</span> <span class='ocrx_word' id='word_1_10' title='bbox 1004 413 1117 486; x_wconf 81' lang='grc' dir='ltr'>σημεῖον</span> <span class='ocrx_word' id='word_1_11' title='bbox 1126 411 1167 493; x_wconf 77' lang='grc' dir='ltr'>δέ,</span> <span class='ocrx_word' id='word_1_12' title='bbox 1177 413 1207 470; x_wconf 81' lang='grc' dir='ltr'>ι“ο</span> <span class='ocrx_word' id='word_1_13' title='bbox 1216 412 1248 470; x_wconf 86' lang='grc' dir='ltr'>δὲ</span> <span class='ocrx_word' id='word_1_14' title='bbox 1257 415 1394 495; x_wconf 84' lang='grc' dir='ltr'>μέγιστον,</span> <span class='ocrx_word' id='word_1_15' title='bbox 1403 411 1497 494; x_wconf 88' lang='lat' dir='ltr'>ahae,</span> 
     </span>
    </p>
   </div>
   <div class='ocr_carea' id='block_1_3' title="bbox 95 511 1500 3632">
    <p class='ocr_par' dir='ltr' id='par_1_3' title="bbox 95 511 1497 1019">
     <span class='ocr_line' id='line_1_3' title="bbox 98 511 1493 600; baseline 0 -22"><span class='ocrx_word' id='word_1_16' title='bbox 98 538 179 600; x_wconf 87' lang='lat' dir='ltr'>quas</span> <span class='ocrx_word' id='word_1_17' title='bbox 195 517 297 600; x_wconf 89' lang='lat' dir='ltr'>primo</span> <span class='ocrx_word' id='word_1_18' title='bbox 313 535 378 578; x_wconf 92' lang='lat' dir='ltr'>non</span> <span class='ocrx_word' id='word_1_19' title='bbox 394 521 567 598; x_wconf 89' lang='lat' dir='ltr'>usurpatas</span> <span class='ocrx_word' id='word_1_20' title='bbox 584 533 655 574; x_wconf 90' lang='lat' dir='ltr'>esse</span> <span class='ocrx_word' id='word_1_21' title='bbox 672 513 733 574; x_wconf 90' lang='lat' dir='ltr'>nisi</span> <span class='ocrx_word' id='word_1_22' title='bbox 750 511 961 595; x_wconf 87' lang='lat' dir='ltr'>adpositionis</span> <span class='ocrx_word' id='word_1_23' title='bbox 972 511 1044 576; x_wconf 92' lang='lat' dir='ltr'>loco</span> <span class='ocrx_word' id='word_1_24' title='bbox 1062 513 1131 576; x_wconf 91' lang='lat' dir='ltr'>veri</span> <span class='ocrx_word' id='word_1_25' title='bbox 1143 513 1246 580; x_wconf 90' lang='lat' dir='ltr'>simile</span> <span class='ocrx_word' id='word_1_26' title='bbox 1257 524 1307 580; x_wconf 88' lang='lat' dir='ltr'>est</span> <span class='ocrx_word' id='word_1_27' title='bbox 1320 513 1377 600; x_wconf 84' lang='lat' dir='ltr'>(cf.</span> <span class='ocrx_word' id='word_1_28' title='bbox 1390 513 1493 578; x_wconf 86' lang='lat' dir='ltr'>Thuc.</span> 
     </span>
     <span class='ocr_line' id='line_1_4' title="bbox 95 615 1495 704; baseline -0.001 -21"><span class='ocrx_word' id='word_1_29' title='bbox 95 619 197 700; x_wconf 78' lang='lat'>1150,</span> <span class='ocrx_word' id='word_1_30' title='bbox 213 617 243 700; x_wconf 99' lang='grc'>2,</span> <span class='ocrx_word' id='word_1_31' title='bbox 261 617 360 701; x_wconf 81' lang='lat' dir='ltr'>Gorg.</span> <span class='ocrx_word' id='word_1_32' title='bbox 378 617 446 682; x_wconf 91' lang='lat' dir='ltr'>Pal.</span> <span class='ocrx_word' id='word_1_33' title='bbox 464 615 520 697; x_wconf 81' lang='grc'>29;</span> <span class='ocrx_word' id='word_1_34' title='bbox 545 638 576 680; x_wconf 92' lang='lat' dir='ltr'>v.</span> <span class='ocrx_word' id='word_1_35' title='bbox 593 615 728 682; x_wconf 83' lang='lat' dir='ltr'>Classen</span> <span class='ocrx_word' id='word_1_36' title='bbox 745 615 1026 699; x_wconf 80' lang='grc' dir='ltr'>611Τ11116.1142,</span> <span class='ocrx_word' id='word_1_37' title='bbox 1044 615 1087 703; x_wconf 93' lang='grc'>1).</span> <span class='ocrx_word' id='word_1_38' title='bbox 1118 616 1332 704; x_wconf 74' lang='lat' dir='ltr'>Thucydides</span> <span class='ocrx_word' id='word_1_39' title='bbox 1346 640 1424 684; x_wconf 87' lang='lat' dir='ltr'>vero</span> <span class='ocrx_word' id='word_1_40' title='bbox 1440 640 1495 683; x_wconf 88' lang='lat' dir='ltr'>eas</span> 
     </span>
     <span class='ocr_line' id='line_1_5' title="bbox 95 721 1494 806; baseline 0 -18"><span class='ocrx_word' id='word_1_41' title='bbox 95 724 248 788; x_wconf 88' lang='lat' dir='ltr'>formulas</span> <span class='ocrx_word' id='word_1_42' title='bbox 270 724 367 786; x_wconf 91' lang='lat' dir='ltr'>etiam</span> <span class='ocrx_word' id='word_1_43' title='bbox 385 723 430 784; x_wconf 92' lang='lat' dir='ltr'>ita</span> <span class='ocrx_word' id='word_1_44' title='bbox 450 722 644 802; x_wconf 82' lang='lat' dir='ltr'>construxit,</span> <span class='ocrx_word' id='word_1_45' title='bbox 666 729 701 782; x_wconf 91' lang='lat' dir='ltr'>ut</span> <span class='ocrx_word' id='word_1_46' title='bbox 720 729 794 805; x_wconf 90' lang='lat' dir='ltr'>post</span> <span class='ocrx_word' id='word_1_47' title='bbox 814 742 869 784; x_wconf 89' lang='lat' dir='ltr'>eas</span> <span class='ocrx_word' id='word_1_48' title='bbox 888 722 942 803; x_wconf 85' lang='grc' dir='ltr'>γάρ</span> <span class='ocrx_word' id='word_1_49' title='bbox 963 721 1099 785; x_wconf 87' lang='lat' dir='ltr'>inferret</span> <span class='ocrx_word' id='word_1_50' title='bbox 1119 721 1279 805; x_wconf 74' lang='grc' dir='ltr'>(τεκμήριον</span> <span class='ocrx_word' id='word_1_51' title='bbox 1296 724 1327 784; x_wconf 81' lang='grc' dir='ltr'>δέ</span> <span class='ocrx_word' id='word_1_52' title='bbox 1341 723 1376 787; x_wconf 93' lang='grc' dir='ltr'>Π</span> <span class='ocrx_word' id='word_1_53' title='bbox 1393 723 1443 806; x_wconf 81' lang='grc'>15,</span> <span class='ocrx_word' id='word_1_54' title='bbox 1459 724 1494 804; x_wconf 80' lang='lat'>43</span> 
     </span>
     <span class='ocr_line' id='line_1_6' title="bbox 96 824 1497 913; baseline -0.001 -21"><span class='ocrx_word' id='word_1_55' title='bbox 96 828 152 909; x_wconf 82' lang='grc'>39,</span> <span class='ocrx_word' id='word_1_56' title='bbox 169 828 204 911; x_wconf 91' lang='grc'>2,</span> <span class='ocrx_word' id='word_1_57' title='bbox 225 827 276 892; x_wconf 88' lang='grc' dir='ltr'>ΠΙ</span> <span class='ocrx_word' id='word_1_58' title='bbox 296 825 400 907; x_wconf 81' lang='grc'>66,1;</span> <span class='ocrx_word' id='word_1_59' title='bbox 426 829 568 908; x_wconf 84' lang='grc' dir='ltr'>μαρτύριον</span> <span class='ocrx_word' id='word_1_60' title='bbox 586 825 650 888; x_wconf 66' lang='lat' dir='ltr'>tel</span> <span class='ocrx_word' id='word_1_61' title='bbox 670 824 704 910; x_wconf 87' lang='grc'>8,</span> <span class='ocrx_word' id='word_1_62' title='bbox 728 824 771 912; x_wconf 92' lang='grc'>1).</span> <span class='ocrx_word' id='word_1_63' title='bbox 802 835 900 910; x_wconf 90' lang='lat' dir='ltr'>atque</span> <span class='ocrx_word' id='word_1_64' title='bbox 919 825 1007 890; x_wconf 90' lang='lat' dir='ltr'>idem</span> <span class='ocrx_word' id='word_1_65' title='bbox 1027 825 1068 890; x_wconf 91' lang='lat' dir='ltr'>de</span> <span class='ocrx_word' id='word_1_66' title='bbox 1085 825 1286 912; x_wconf 91' lang='lat' dir='ltr'>Antiphonte</span> <span class='ocrx_word' id='word_1_67' title='bbox 1306 828 1372 893; x_wconf 92' lang='lat' dir='ltr'>dici</span> <span class='ocrx_word' id='word_1_68' title='bbox 1390 836 1497 913; x_wconf 91' lang='lat' dir='ltr'>potest</span> 
     </span>
     <span class='ocr_line' id='line_1_7' title="bbox 97 931 357 1019; baseline -0.015 -21"><span class='ocrx_word' id='word_1_69' title='bbox 97 934 143 1019; x_wconf 90' lang='lat' dir='ltr'>(V</span> <span class='ocrx_word' id='word_1_70' title='bbox 159 933 210 1014; x_wconf 90' lang='grc'>61,</span> <span class='ocrx_word' id='word_1_71' title='bbox 227 932 276 996; x_wconf 91' lang='lat' dir='ltr'>VI</span> <span class='ocrx_word' id='word_1_72' title='bbox 290 931 357 1016; x_wconf 82' lang='lat'>43).</span> 
     </span>
    </p>

    <p class='ocr_par' dir='ltr' id='par_1_4' title="bbox 96 1035 1497 2586">
     <span class='ocr_line' id='line_1_8' title="bbox 200 1035 1495 1122; baseline 0 -21"><span class='ocrx_word' id='word_1_73' title='bbox 200 1037 317 1121; x_wconf 85' lang='lat' dir='ltr'>Lysias</span> <span class='ocrx_word' id='word_1_74' title='bbox 337 1044 411 1121; x_wconf 89' lang='lat' dir='ltr'>post</span> <span class='ocrx_word' id='word_1_75' title='bbox 427 1056 522 1100; x_wconf 89' lang='lat' dir='ltr'>voees</span> <span class='ocrx_word' id='word_1_76' title='bbox 542 1035 815 1099; x_wconf 88' lang='lat' dir='ltr'>demonstrativas</span> <span class='ocrx_word' id='word_1_77' title='bbox 834 1044 868 1098; x_wconf 89' lang='lat' dir='ltr'>et</span> <span class='ocrx_word' id='word_1_78' title='bbox 887 1045 960 1121; x_wconf 94' lang='lat' dir='ltr'>post</span> <span class='ocrx_word' id='word_1_79' title='bbox 979 1035 1081 1100; x_wconf 86' lang='lat' dir='ltr'>verba</span> <span class='ocrx_word' id='word_1_80' title='bbox 1101 1035 1171 1119; x_wconf 87' lang='lat' dir='ltr'>illa,</span> <span class='ocrx_word' id='word_1_81' title='bbox 1191 1058 1276 1122; x_wconf 91' lang='lat' dir='ltr'>quae</span> <span class='ocrx_word' id='word_1_82' title='bbox 1296 1058 1396 1122; x_wconf 88' lang='lat' dir='ltr'>supra</span> <span class='ocrx_word' id='word_1_83' title='bbox 1412 1058 1495 1101; x_wconf 89' lang='lat' dir='ltr'>com·</span> 
     </span>
     <span class='ocr_line' id='line_1_9' title="bbox 98 1139 1497 1227; baseline -0.002 -20"><span class='ocrx_word' id='word_1_84' title='bbox 98 1143 365 1222; x_wconf 80' lang='lat' dir='ltr'>memoravimus,</span> <span class='ocrx_word' id='word_1_85' title='bbox 382 1139 497 1204; x_wconf 89' lang='lat' dir='ltr'>eadem</span> <span class='ocrx_word' id='word_1_86' title='bbox 512 1139 580 1203; x_wconf 91' lang='lat' dir='ltr'>fere</span> <span class='ocrx_word' id='word_1_87' title='bbox 597 1149 759 1204; x_wconf 85' lang='lat' dir='ltr'>structura</span> <span class='ocrx_word' id='word_1_88' title='bbox 774 1141 890 1221; x_wconf 91' lang='lat' dir='ltr'>utitur,</span> <span class='ocrx_word' id='word_1_89' title='bbox 911 1162 1010 1226; x_wconf 88' lang='lat' dir='ltr'>quam</span> <span class='ocrx_word' id='word_1_90' title='bbox 1025 1139 1213 1206; x_wconf 78' lang='lat' dir='ltr'>Andocides</span> <span class='ocrx_word' id='word_1_91' title='bbox 1230 1141 1364 1205; x_wconf 80' lang='lat' dir='ltr'>exhibet</span> <span class='ocrx_word' id='word_1_92' title='bbox 1379 1140 1435 1227; x_wconf 84' lang='lat' dir='ltr'>(cf.</span> <span class='ocrx_word' id='word_1_93' title='bbox 1452 1143 1497 1204; x_wconf 93' lang='lat' dir='ltr'>in-</span> 
     </span>
     <span class='ocr_line' id='line_1_10' title="bbox 96 1243 1495 1334; baseline -0.001 -23"><span class='ocrx_word' id='word_1_94' title='bbox 96 1248 208 1334; x_wconf 84' lang='lat' dir='ltr'>primis</span> <span class='ocrx_word' id='word_1_95' title='bbox 228 1246 245 1309; x_wconf 91' lang='grc'>1</span> <span class='ocrx_word' id='word_1_96' title='bbox 265 1244 307 1308; x_wconf 92' lang='grc'>22</span> <span class='ocrx_word' id='word_1_97' title='bbox 327 1247 477 1324; x_wconf 75' lang='grc' dir='ltr'>διηγεῖσθαι</span> <span class='ocrx_word' id='word_1_98' title='bbox 498 1266 572 1308; x_wconf 90' lang='lat' dir='ltr'>cum</span> <span class='ocrx_word' id='word_1_99' title='bbox 592 1243 751 1330; x_wconf 88' lang='lat' dir='ltr'>asyndeto</span> <span class='ocrx_word' id='word_1_100' title='bbox 772 1253 804 1307; x_wconf 91' lang='lat' dir='ltr'>et</span> <span class='ocrx_word' id='word_1_101' title='bbox 819 1243 889 1307; x_wconf 86' lang='lat' dir='ltr'>XII</span> <span class='ocrx_word' id='word_1_102' title='bbox 910 1244 950 1306; x_wconf 87' lang='grc'>19</span> <span class='ocrx_word' id='word_1_103' title='bbox 970 1249 1100 1332; x_wconf 69' lang='grc' dir='ltr'>τοσαύτην</span> <span class='ocrx_word' id='word_1_104' title='bbox 1123 1268 1196 1309; x_wconf 84' lang='grc'>611111</span> <span class='ocrx_word' id='word_1_105' title='bbox 1216 1249 1270 1328; x_wconf 81' lang='grc' dir='ltr'>γάρ</span> <span class='ocrx_word' id='word_1_106' title='bbox 1292 1243 1495 1330; x_wconf 86' lang='lat' dir='ltr'>coniuncta);</span> 
     </span>
     <span class='ocr_line' id='line_1_11' title="bbox 97 1347 1494 1438; baseline -0.001 -23"><span class='ocrx_word' id='word_1_107' title='bbox 97 1351 153 1415; x_wconf 89' lang='lat' dir='ltr'>sed</span> <span class='ocrx_word' id='word_1_108' title='bbox 170 1348 260 1438; x_wconf 72' lang='lat' dir='ltr'>[XX]</span> <span class='ocrx_word' id='word_1_109' title='bbox 276 1348 320 1413; x_wconf 88' lang='grc'>32</span> <span class='ocrx_word' id='word_1_110' title='bbox 335 1349 471 1432; x_wconf 83' lang='lat' dir='ltr'>legimus</span> <span class='ocrx_word' id='word_1_111' title='bbox 488 1352 548 1430; x_wconf 81' lang='grc' dir='ltr'>ἔχει</span> <span class='ocrx_word' id='word_1_112' title='bbox 564 1353 633 1410; x_wconf 73' lang='grc' dir='ltr'>οὕτω</span> <span class='ocrx_word' id='word_1_113' title='bbox 649 1347 777 1414; x_wconf 89' lang='lat' dir='ltr'>adiecto</span> <span class='ocrx_word' id='word_1_114' title='bbox 791 1355 855 1430; x_wconf 78' lang='grc' dir='ltr'>γάρ,</span> <span class='ocrx_word' id='word_1_115' title='bbox 873 1371 969 1433; x_wconf 90' lang='lat' dir='ltr'>quem</span> <span class='ocrx_word' id='word_1_116' title='bbox 985 1372 1080 1414; x_wconf 88' lang='lat' dir='ltr'>usum</span> <span class='ocrx_word' id='word_1_117' title='bbox 1095 1350 1160 1414; x_wconf 91' lang='lat' dir='ltr'>iam</span> <span class='ocrx_word' id='word_1_118' title='bbox 1173 1350 1310 1434; x_wconf 84' lang='lat' dir='ltr'>Strange</span> <span class='ocrx_word' id='word_1_119' title='bbox 1326 1373 1400 1414; x_wconf 92' lang='lat' dir='ltr'>ann.</span> <span class='ocrx_word' id='word_1_120' title='bbox 1416 1349 1494 1436; x_wconf 91' lang='lat' dir='ltr'>phil.</span> 
     </span>
     <span class='ocr_line' id='line_1_12' title="bbox 97 1452 1495 1540; baseline -0.003 -20"><span class='ocrx_word' id='word_1_121' title='bbox 97 1457 201 1540; x_wconf 91' lang='lat' dir='ltr'>suppl.</span> <span class='ocrx_word' id='word_1_122' title='bbox 218 1454 323 1519; x_wconf 90' lang='grc'>11129</span> <span class='ocrx_word' id='word_1_123' title='bbox 336 1455 463 1516; x_wconf 86' lang='grc'>6111111116</span> <span class='ocrx_word' id='word_1_124' title='bbox 480 1452 677 1536; x_wconf 81' lang='lat' dir='ltr'>singularem</span> <span class='ocrx_word' id='word_1_125' title='bbox 693 1475 764 1518; x_wconf 91' lang='lat' dir='ltr'>esse</span> <span class='ocrx_word' id='word_1_126' title='bbox 781 1453 873 1518; x_wconf 88' lang='lat' dir='ltr'>dixit.</span> <span class='ocrx_word' id='word_1_127' title='bbox 897 1474 1003 1538; x_wconf 91' lang='lat' dir='ltr'>neque</span> <span class='ocrx_word' id='word_1_128' title='bbox 1019 1475 1095 1518; x_wconf 90' lang='lat' dir='ltr'>vero</span> <span class='ocrx_word' id='word_1_129' title='bbox 1112 1453 1185 1518; x_wconf 90' lang='lat' dir='ltr'>illae</span> <span class='ocrx_word' id='word_1_130' title='bbox 1198 1455 1355 1520; x_wconf 86' lang='lat' dir='ltr'>formulae</span> <span class='ocrx_word' id='word_1_131' title='bbox 1366 1454 1495 1537; x_wconf 90' lang='lat' dir='ltr'>absunt,</span> 
     </span>
     <span class='ocr_line' id='line_1_13' title="bbox 97 1557 1496 1646; baseline -0.001 -23"><span class='ocrx_word' id='word_1_132' title='bbox 97 1560 214 1646; x_wconf 92' lang='lat' dir='ltr'>quibus</span> <span class='ocrx_word' id='word_1_133' title='bbox 225 1558 596 1624; x_wconf 89' lang='lat' dir='ltr'>orationesAndocideas</span> <span class='ocrx_word' id='word_1_134' title='bbox 607 1580 718 1622; x_wconf 88' lang='lat' dir='ltr'>carere</span> <span class='ocrx_word' id='word_1_135' title='bbox 727 1557 867 1622; x_wconf 89' lang='lat' dir='ltr'>vidimus</span> <span class='ocrx_word' id='word_1_136' title='bbox 876 1557 1031 1644; x_wconf 73' lang='grc' dir='ltr'>(Π139το</span> <span class='ocrx_word' id='word_1_137' title='bbox 1043 1560 1073 1619; x_wconf 79' lang='grc' dir='ltr'>δὲ</span> <span class='ocrx_word' id='word_1_138' title='bbox 1089 1563 1281 1638; x_wconf 67' lang='grc' dir='ltr'>μέγιστον...</span> <span class='ocrx_word' id='word_1_139' title='bbox 1295 1557 1363 1641; x_wconf 82' lang='grc' dir='ltr'>γὰρ.</span> <span class='ocrx_word' id='word_1_140' title='bbox 1373 1609 1394 1637; x_wconf 94' lang='grc'>.,</span> <span class='ocrx_word' id='word_1_141' title='bbox 1411 1558 1496 1621; x_wconf 84' lang='lat' dir='ltr'>XIII</span> 
     </span>
     <span class='ocr_line' id='line_1_14' title="bbox 97 1661 1496 1748; baseline -0.002 -19"><span class='ocrx_word' id='word_1_142' title='bbox 97 1664 140 1729; x_wconf 88' lang='grc'>20</span> <span class='ocrx_word' id='word_1_143' title='bbox 156 1669 301 1746; x_wconf 74' lang='grc' dir='ltr'>τεκμήριον</span> <span class='ocrx_word' id='word_1_144' title='bbox 318 1665 358 1724; x_wconf 80' lang='grc' dir='ltr'>δέ·</span> <span class='ocrx_word' id='word_1_145' title='bbox 376 1664 401 1724; x_wconf 80' lang='grc' dir='ltr'>οἱ</span> <span class='ocrx_word' id='word_1_146' title='bbox 415 1665 485 1745; x_wconf 82' lang='grc' dir='ltr'>γὰρ.</span> <span class='ocrx_word' id='word_1_147' title='bbox 499 1662 530 1747; x_wconf 92' lang='grc'>..)</span> <span class='ocrx_word' id='word_1_148' title='bbox 560 1662 703 1747; x_wconf 89' lang='lat' dir='ltr'>accedit,</span> <span class='ocrx_word' id='word_1_149' title='bbox 720 1662 806 1747; x_wconf 94' lang='lat' dir='ltr'>quod</span> <span class='ocrx_word' id='word_1_150' title='bbox 833 1663 1024 1726; x_wconf 87' lang='lat' dir='ltr'>transeundi</span> <span class='ocrx_word' id='word_1_151' title='bbox 1047 1661 1152 1727; x_wconf 89' lang='lat' dir='ltr'>forma</span> <span class='ocrx_word' id='word_1_152' title='bbox 1174 1662 1302 1748; x_wconf 86' lang='lat' dir='ltr'>pridem</span> <span class='ocrx_word' id='word_1_153' title='bbox 1324 1665 1442 1727; x_wconf 90' lang='lat' dir='ltr'>usitata</span> <span class='ocrx_word' id='word_1_154' title='bbox 1462 1665 1496 1726; x_wconf 92' lang='lat' dir='ltr'>in</span> 
     </span>
     <span class='ocr_line' id='line_1_15' title="bbox 97 1766 1496 1854; baseline -0.001 -22"><span class='ocrx_word' id='word_1_155' title='bbox 97 1769 218 1854; x_wconf 87' lang='lat' dir='ltr'>Lysiae</span> <span class='ocrx_word' id='word_1_156' title='bbox 235 1766 431 1833; x_wconf 88' lang='lat' dir='ltr'>orationibus</span> <span class='ocrx_word' id='word_1_157' title='bbox 447 1768 586 1852; x_wconf 92' lang='lat' dir='ltr'>primum</span> <span class='ocrx_word' id='word_1_158' title='bbox 603 1789 676 1831; x_wconf 91' lang='lat' dir='ltr'>cum</span> <span class='ocrx_word' id='word_1_159' title='bbox 696 1772 750 1849; x_wconf 84' lang='grc' dir='ltr'>γάρ</span> <span class='ocrx_word' id='word_1_160' title='bbox 771 1769 986 1852; x_wconf 81' lang='lat' dir='ltr'>coniungitur.</span> <span class='ocrx_word' id='word_1_161' title='bbox 1014 1789 1090 1831; x_wconf 89' lang='lat' dir='ltr'>nam</span> <span class='ocrx_word' id='word_1_162' title='bbox 1111 1767 1197 1852; x_wconf 90' lang='lat' dir='ltr'>quod</span> <span class='ocrx_word' id='word_1_163' title='bbox 1213 1766 1316 1832; x_wconf 86' lang='lat' dir='ltr'>Thuc.</span> <span class='ocrx_word' id='word_1_164' title='bbox 1334 1767 1382 1831; x_wconf 91' lang='lat' dir='ltr'>VI</span> <span class='ocrx_word' id='word_1_165' title='bbox 1398 1766 1454 1849; x_wconf 93' lang='grc'>20,</span> <span class='ocrx_word' id='word_1_166' title='bbox 1474 1767 1496 1830; x_wconf 92' lang='grc'>4</span> 
     </span>
     <span class='ocr_line' id='line_1_16' title="bbox 99 1871 1496 1957; baseline 0 -22"><span class='ocrx_word' id='word_1_167' title='bbox 99 1873 236 1957; x_wconf 87' lang='lat' dir='ltr'>legimus</span> <span class='ocrx_word' id='word_1_168' title='bbox 253 1871 274 1954; x_wconf 80' lang='grc' dir='ltr'>ᾧ</span> <span class='ocrx_word' id='word_1_169' title='bbox 291 1875 322 1934; x_wconf 73' lang='grc' dir='ltr'>δὲ</span> <span class='ocrx_word' id='word_1_170' title='bbox 339 1875 459 1949; x_wconf 81' lang='grc' dir='ltr'>μάλιστα</span> <span class='ocrx_word' id='word_1_171' title='bbox 474 1873 552 1949; x_wconf 79' lang='grc' dir='ltr'>ἡμῶν</span> <span class='ocrx_word' id='word_1_172' title='bbox 572 1875 748 1954; x_wconf 81' lang='grc' dir='ltr'>προέχουσιν,</span> <span class='ocrx_word' id='word_1_173' title='bbox 768 1873 864 1945; x_wconf 79' lang='grc' dir='ltr'>ἵππους</span> <span class='ocrx_word' id='word_1_174' title='bbox 884 1894 914 1932; x_wconf 87' lang='grc' dir='ltr'>τε</span> <span class='ocrx_word' id='word_1_175' title='bbox 930 1874 1054 1945; x_wconf 73' lang='grc' dir='ltr'>πολλοὺς</span> <span class='ocrx_word' id='word_1_176' title='bbox 1068 1878 1214 1950; x_wconf 71' lang='grc' dir='ltr'>κέκτηνται</span> <span class='ocrx_word' id='word_1_177' title='bbox 1229 1871 1282 1935; x_wconf 89' lang='lat' dir='ltr'>vel</span> <span class='ocrx_word' id='word_1_178' title='bbox 1297 1871 1376 1957; x_wconf 87' lang='lat' dir='ltr'>Lys.</span> <span class='ocrx_word' id='word_1_179' title='bbox 1393 1871 1496 1934; x_wconf 87' lang='lat' dir='ltr'>XXX</span> 
     </span>
     <span class='ocr_line' id='line_1_17' title="bbox 101 1975 1495 2065; baseline -0.002 -25"><span class='ocrx_word' id='word_1_180' title='bbox 101 1977 141 2040; x_wconf 87' lang='grc'>29</span> <span class='ocrx_word' id='word_1_181' title='bbox 158 1981 172 2038; x_wconf 76' lang='lat' dir='ltr'>b</span> <span class='ocrx_word' id='word_1_182' title='bbox 189 1980 219 2038; x_wconf 82' lang='grc' dir='ltr'>δὲ</span> <span class='ocrx_word' id='word_1_183' title='bbox 236 1982 343 2038; x_wconf 75' lang='grc' dir='ltr'>πάντων</span> <span class='ocrx_word' id='word_1_184' title='bbox 360 1979 522 2059; x_wconf 73' lang='grc' dir='ltr'>δεινότατον,</span> <span class='ocrx_word' id='word_1_185' title='bbox 538 1979 797 2058; x_wconf 72' lang='grc' dir='ltr'>ὑπογραμματεῦσαι</span> <span class='ocrx_word' id='word_1_186' title='bbox 811 1979 861 2054; x_wconf 84' lang='grc' dir='ltr'>μὲν</span> <span class='ocrx_word' id='word_1_187' title='bbox 874 1981 923 2039; x_wconf 78' lang='grc' dir='ltr'>σὺν</span> <span class='ocrx_word' id='word_1_188' title='bbox 940 1977 1027 2052; x_wconf 83' lang='grc' dir='ltr'>ἔξεστι</span> <span class='ocrx_word' id='word_1_189' title='bbox 1040 1980 1081 2051; x_wconf 79' lang='grc' dir='ltr'>δίς</span> <span class='ocrx_word' id='word_1_190' title='bbox 1096 1978 1148 2042; x_wconf 90' lang='lat' dir='ltr'>vel</span> <span class='ocrx_word' id='word_1_191' title='bbox 1164 1975 1276 2065; x_wconf 75' lang='lat' dir='ltr'>[And]</span> <span class='ocrx_word' id='word_1_192' title='bbox 1292 1976 1360 2040; x_wconf 89' lang='lat' dir='ltr'>IIII</span> <span class='ocrx_word' id='word_1_193' title='bbox 1378 1977 1417 2040; x_wconf 84' lang='grc'>16</span> <span class='ocrx_word' id='word_1_194' title='bbox 1433 1981 1448 2038; x_wconf 77' lang='grc' dir='ltr'>ὃ</span> <span class='ocrx_word' id='word_1_195' title='bbox 1464 1979 1495 2038; x_wconf 83' lang='grc' dir='ltr'>δὲ</span> 
     </span>
     <span class='ocr_line' id='line_1_18' title="bbox 97 2081 1496 2165; baseline 0.003 -23"><span class='ocrx_word' id='word_1_196' title='bbox 97 2087 205 2143; x_wconf 82' lang='grc' dir='ltr'>πάντων</span> <span class='ocrx_word' id='word_1_197' title='bbox 226 2085 379 2143; x_wconf 76' lang='grc' dir='ltr'>δεινότατόν</span> <span class='ocrx_word' id='word_1_198' title='bbox 400 2083 468 2162; x_wconf 76' lang='grc' dir='ltr'>ἐστι,</span> <span class='ocrx_word' id='word_1_199' title='bbox 489 2087 608 2155; x_wconf 84' lang='grc' dir='ltr'>τοιοῦτος</span> <span class='ocrx_word' id='word_1_200' title='bbox 623 2086 660 2142; x_wconf 82' lang='grc' dir='ltr'>ὢν</span> <span class='ocrx_word' id='word_1_201' title='bbox 677 2084 715 2154; x_wconf 87' lang='grc' dir='ltr'>ὡς</span> <span class='ocrx_word' id='word_1_202' title='bbox 731 2081 823 2155; x_wconf 76' lang='grc' dir='ltr'>εὔνους</span> <span class='ocrx_word' id='word_1_203' title='bbox 838 2082 877 2162; x_wconf 78' lang='grc' dir='ltr'>τῷ</span> <span class='ocrx_word' id='word_1_204' title='bbox 894 2083 974 2162; x_wconf 82' lang='grc' dir='ltr'>δήμῳ</span> <span class='ocrx_word' id='word_1_205' title='bbox 989 2084 1051 2156; x_wconf 78' lang='grc' dir='ltr'>τοὺς</span> <span class='ocrx_word' id='word_1_206' title='bbox 1066 2083 1169 2164; x_wconf 78' lang='grc' dir='ltr'>λόγους</span> <span class='ocrx_word' id='word_1_207' title='bbox 1184 2087 1315 2165; x_wconf 82' lang='grc' dir='ltr'>ποιεῖται,</span> <span class='ocrx_word' id='word_1_208' title='bbox 1329 2092 1415 2147; x_wconf 88' lang='lat' dir='ltr'>certe</span> <span class='ocrx_word' id='word_1_209' title='bbox 1430 2103 1496 2146; x_wconf 89' lang='lat' dir='ltr'>non</span> 
     </span>
     <span class='ocr_line' id='line_1_19' title="bbox 97 2185 1497 2272; baseline 0 -22"><span class='ocrx_word' id='word_1_210' title='bbox 97 2185 306 2250; x_wconf 85' lang='lat' dir='ltr'>memorabile</span> <span class='ocrx_word' id='word_1_211' title='bbox 322 2195 384 2268; x_wconf 81' lang='lat' dir='ltr'>est3</span> <span class='ocrx_word' id='word_1_212' title='bbox 402 2185 460 2249; x_wconf 90' lang='lat' dir='ltr'>sed</span> <span class='ocrx_word' id='word_1_213' title='bbox 472 2208 550 2249; x_wconf 88' lang='lat' dir='ltr'>mox</span> <span class='ocrx_word' id='word_1_214' title='bbox 567 2186 768 2250; x_wconf 91' lang='lat' dir='ltr'>enuntiatum</span> <span class='ocrx_word' id='word_1_215' title='bbox 780 2186 963 2271; x_wconf 88' lang='lat' dir='ltr'>relativum,</span> <span class='ocrx_word' id='word_1_216' title='bbox 980 2187 1071 2251; x_wconf 91' lang='lat' dir='ltr'>cuius</span> <span class='ocrx_word' id='word_1_217' title='bbox 1083 2209 1262 2272; x_wconf 86' lang='lat' dir='ltr'>pronomen</span> <span class='ocrx_word' id='word_1_218' title='bbox 1273 2187 1316 2250; x_wconf 88' lang='lat' dir='ltr'>ad</span> <span class='ocrx_word' id='word_1_219' title='bbox 1329 2188 1497 2272; x_wconf 82' lang='lat' dir='ltr'>sequentia</span> 
     </span>
     <span class='ocr_line' id='line_1_20' title="bbox 99 2288 1495 2378; baseline 0.001 -26"><span class='ocrx_word' id='word_1_220' title='bbox 99 2288 280 2376; x_wconf 85' lang='lat' dir='ltr'>spectabat,</span> <span class='ocrx_word' id='word_1_221' title='bbox 300 2312 360 2377; x_wconf 90' lang='lat' dir='ltr'>per</span> <span class='ocrx_word' id='word_1_222' title='bbox 380 2312 414 2353; x_wconf 91' lang='lat' dir='ltr'>se</span> <span class='ocrx_word' id='word_1_223' title='bbox 434 2288 616 2374; x_wconf 91' lang='lat' dir='ltr'>ponebatur</span> <span class='ocrx_word' id='word_1_224' title='bbox 640 2298 806 2375; x_wconf 90' lang='lat' dir='ltr'>tamquam</span> <span class='ocrx_word' id='word_1_225' title='bbox 827 2292 1028 2354; x_wconf 87' lang='lat' dir='ltr'>enuntiatum</span> <span class='ocrx_word' id='word_1_226' title='bbox 1048 2292 1240 2376; x_wconf 89' lang='lat' dir='ltr'>primarium</span> <span class='ocrx_word' id='word_1_227' title='bbox 1260 2291 1428 2378; x_wconf 87' lang='lat' dir='ltr'>verbaque</span> <span class='ocrx_word' id='word_1_228' title='bbox 1448 2313 1495 2353; x_wconf 92' lang='lat' dir='ltr'>se·</span> 
     </span>
     <span class='ocr_line' id='line_1_21' title="bbox 99 2394 1496 2481; baseline -0.001 -23"><span class='ocrx_word' id='word_1_229' title='bbox 99 2396 230 2481; x_wconf 89' lang='lat' dir='ltr'>quentia</span> <span class='ocrx_word' id='word_1_230' title='bbox 255 2396 479 2460; x_wconf 89' lang='lat' dir='ltr'>coniunctione</span> <span class='ocrx_word' id='word_1_231' title='bbox 503 2399 557 2474; x_wconf 80' lang='grc' dir='ltr'>γοὶρ</span> <span class='ocrx_word' id='word_1_232' title='bbox 581 2394 849 2459; x_wconf 87' lang='lat' dir='ltr'>adnectebantur.</span> <span class='ocrx_word' id='word_1_233' title='bbox 881 2396 972 2460; x_wconf 92' lang='lat' dir='ltr'>cuius</span> <span class='ocrx_word' id='word_1_234' title='bbox 996 2418 1074 2461; x_wconf 88' lang='lat' dir='ltr'>usus</span> <span class='ocrx_word' id='word_1_235' title='bbox 1099 2396 1203 2481; x_wconf 91' lang='lat' dir='ltr'>prima</span> <span class='ocrx_word' id='word_1_236' title='bbox 1223 2397 1360 2480; x_wconf 86' lang='lat' dir='ltr'>vestigia</span> <span class='ocrx_word' id='word_1_237' title='bbox 1384 2395 1496 2459; x_wconf 87' lang='lat' dir='ltr'>inveni</span> 
     </span>
     <span class='ocr_line' id='line_1_22' title="bbox 99 2483 838 2586; baseline 0 -24"><span class='ocrx_word' id='word_1_238' title='bbox 99 2483 838 2586; x_wconf 55' lang='grc'>6111611111111111116,1111111161)</span> 
     </span>
    </p>

    <p class='ocr_par' dir='ltr' id='par_1_5' title="bbox 98 2602 1500 3632">
     <span class='ocr_line' id='line_1_23' title="bbox 201 2602 1498 2692; baseline -0.001 -23"><span class='ocrx_word' id='word_1_239' title='bbox 201 2605 375 2682; x_wconf 89' lang='lat' dir='ltr'>Isocrates,</span> <span class='ocrx_word' id='word_1_240' title='bbox 397 2606 453 2689; x_wconf 92' lang='lat' dir='ltr'>qui</span> <span class='ocrx_word' id='word_1_241' title='bbox 473 2626 584 2668; x_wconf 90' lang='lat' dir='ltr'>omnes</span> <span class='ocrx_word' id='word_1_242' title='bbox 603 2603 675 2669; x_wconf 88' lang='lat' dir='ltr'>illas</span> <span class='ocrx_word' id='word_1_243' title='bbox 695 2604 849 2670; x_wconf 89' lang='lat' dir='ltr'>formulas</span> <span class='ocrx_word' id='word_1_244' title='bbox 868 2607 934 2669; x_wconf 87' lang='lat' dir='ltr'>iam</span> <span class='ocrx_word' id='word_1_245' title='bbox 953 2605 1049 2691; x_wconf 90' lang='lat' dir='ltr'>plane</span> <span class='ocrx_word' id='word_1_246' title='bbox 1069 2606 1160 2670; x_wconf 83' lang='lat' dir='ltr'>novit</span> <span class='ocrx_word' id='word_1_247' title='bbox 1177 2604 1344 2692; x_wconf 87' lang='lat' dir='ltr'>liberoque</span> <span class='ocrx_word' id='word_1_248' title='bbox 1364 2602 1498 2668; x_wconf 89' lang='lat' dir='ltr'>arbitrio</span> 
     </span>
     <span class='ocr_line' id='line_1_24' title="bbox 101 2708 1499 2795; baseline -0.001 -22"><span class='ocrx_word' id='word_1_249' title='bbox 101 2709 244 2788; x_wconf 89' lang='lat' dir='ltr'>adhibet,</span> <span class='ocrx_word' id='word_1_250' title='bbox 262 2708 410 2773; x_wconf 92' lang='lat' dir='ltr'>omnibus</span> <span class='ocrx_word' id='word_1_251' title='bbox 426 2709 494 2774; x_wconf 88' lang='lat' dir='ltr'>fere</span> <span class='ocrx_word' id='word_1_252' title='bbox 510 2711 578 2773; x_wconf 90' lang='lat' dir='ltr'>eius</span> <span class='ocrx_word' id='word_1_253' title='bbox 594 2708 682 2774; x_wconf 93' lang='lat' dir='ltr'>modi</span> <span class='ocrx_word' id='word_1_254' title='bbox 696 2710 775 2773; x_wconf 89' lang='lat' dir='ltr'>locis</span> <span class='ocrx_word' id='word_1_255' title='bbox 791 2731 831 2773; x_wconf 89' lang='lat' dir='ltr'>ac</span> <span class='ocrx_word' id='word_1_256' title='bbox 847 2711 989 2774; x_wconf 83' lang='lat' dir='ltr'>maxime</span> <span class='ocrx_word' id='word_1_257' title='bbox 1005 2718 1077 2795; x_wconf 93' lang='lat' dir='ltr'>post</span> <span class='ocrx_word' id='word_1_258' title='bbox 1095 2710 1248 2775; x_wconf 86' lang='lat' dir='ltr'>formulas</span> <span class='ocrx_word' id='word_1_259' title='bbox 1269 2709 1435 2792; x_wconf 86' lang='lat' dir='ltr'>relativas,</span> <span class='ocrx_word' id='word_1_260' title='bbox 1456 2709 1499 2772; x_wconf 90' lang='lat' dir='ltr'>de</span> 
     </span>
     <span class='ocr_line' id='line_1_25' title="bbox 100 2812 1498 2900; baseline 0 -22"><span class='ocrx_word' id='word_1_261' title='bbox 100 2813 217 2899; x_wconf 90' lang='lat' dir='ltr'>quibus</span> <span class='ocrx_word' id='word_1_262' title='bbox 242 2812 337 2878; x_wconf 92' lang='lat' dir='ltr'>modo</span> <span class='ocrx_word' id='word_1_263' title='bbox 358 2815 495 2897; x_wconf 85' lang='lat' dir='ltr'>egimus,</span> <span class='ocrx_word' id='word_1_264' title='bbox 521 2815 575 2896; x_wconf 84' lang='grc' dir='ltr'>γάρ</span> <span class='ocrx_word' id='word_1_265' title='bbox 599 2816 701 2900; x_wconf 90' lang='lat' dir='ltr'>ponit,</span> <span class='ocrx_word' id='word_1_266' title='bbox 728 2815 815 2899; x_wconf 90' lang='lat' dir='ltr'>quod</span> <span class='ocrx_word' id='word_1_267' title='bbox 835 2823 925 2879; x_wconf 88' lang='lat' dir='ltr'>tanto</span> <span class='ocrx_word' id='word_1_268' title='bbox 950 2837 1048 2900; x_wconf 87' lang='lat' dir='ltr'>opere</span> <span class='ocrx_word' id='word_1_269' title='bbox 1071 2815 1303 2879; x_wconf 90' lang='lat' dir='ltr'>constructioni</span> <span class='ocrx_word' id='word_1_270' title='bbox 1323 2814 1498 2878; x_wconf 88' lang='lat' dir='ltr'>dissolutae</span> 
     </span>
     <span class='ocr_line' id='line_1_26' title="bbox 99 2917 1498 3004; baseline 0.001 -23"><span class='ocrx_word' id='word_1_271' title='bbox 99 2919 256 3004; x_wconf 88' lang='lat' dir='ltr'>praefert,</span> <span class='ocrx_word' id='word_1_272' title='bbox 272 2927 308 2982; x_wconf 93' lang='lat' dir='ltr'>ut</span> <span class='ocrx_word' id='word_1_273' title='bbox 323 2919 420 2982; x_wconf 90' lang='lat' dir='ltr'>etiam</span> <span class='ocrx_word' id='word_1_274' title='bbox 436 2927 509 3003; x_wconf 92' lang='lat' dir='ltr'>post</span> <span class='ocrx_word' id='word_1_275' title='bbox 525 2922 575 2996; x_wconf 84' lang='grc' dir='ltr'>μέν</span> <span class='ocrx_word' id='word_1_276' title='bbox 591 2918 751 3003; x_wconf 89' lang='lat' dir='ltr'>particula</span> <span class='ocrx_word' id='word_1_277' title='bbox 766 2924 820 3001; x_wconf 78' lang='grc' dir='ltr'>γάρ</span> <span class='ocrx_word' id='word_1_278' title='bbox 836 2926 959 3002; x_wconf 87' lang='lat' dir='ltr'>utatur,</span> <span class='ocrx_word' id='word_1_279' title='bbox 976 2918 1033 2982; x_wconf 93' lang='lat' dir='ltr'>ubi</span> <span class='ocrx_word' id='word_1_280' title='bbox 1048 2918 1102 2983; x_wconf 90' lang='lat' dir='ltr'>alii</span> <span class='ocrx_word' id='word_1_281' title='bbox 1118 2919 1217 2983; x_wconf 90' lang='lat' dir='ltr'>veluti</span> <span class='ocrx_word' id='word_1_282' title='bbox 1232 2918 1418 3004; x_wconf 88' lang='lat' dir='ltr'>Xenophon</span> <span class='ocrx_word' id='word_1_283' title='bbox 1432 2917 1498 3004; x_wconf 92' lang='lat' dir='ltr'>ple-</span> 
     </span>
     <span class='ocr_line' id='line_1_27' title="bbox 98 3020 1499 3109; baseline 0 -23"><span class='ocrx_word' id='word_1_284' title='bbox 98 3045 234 3108; x_wconf 90' lang='lat' dir='ltr'>rumque</span> <span class='ocrx_word' id='word_1_285' title='bbox 254 3021 438 3106; x_wconf 90' lang='lat' dir='ltr'>asyndeton</span> <span class='ocrx_word' id='word_1_286' title='bbox 458 3021 658 3086; x_wconf 89' lang='lat' dir='ltr'>admiserunt</span> <span class='ocrx_word' id='word_1_287' title='bbox 678 3020 786 3108; x_wconf 88' lang='lat' dir='ltr'>(aliter</span> <span class='ocrx_word' id='word_1_288' title='bbox 806 3044 860 3086; x_wconf 88' lang='lat' dir='ltr'>res</span> <span class='ocrx_word' id='word_1_289' title='bbox 880 3045 914 3087; x_wconf 93' lang='lat' dir='ltr'>se</span> <span class='ocrx_word' id='word_1_290' title='bbox 935 3022 1035 3088; x_wconf 89' lang='lat' dir='ltr'>habet</span> <span class='ocrx_word' id='word_1_291' title='bbox 1050 3023 1080 3085; x_wconf 89' lang='lat' dir='ltr'>V</span> <span class='ocrx_word' id='word_1_292' title='bbox 1098 3022 1165 3109; x_wconf 83' lang='lat'>95).</span> <span class='ocrx_word' id='word_1_293' title='bbox 1196 3045 1294 3088; x_wconf 90' lang='lat' dir='ltr'>unam</span> <span class='ocrx_word' id='word_1_294' title='bbox 1315 3045 1393 3087; x_wconf 88' lang='lat' dir='ltr'>vero</span> <span class='ocrx_word' id='word_1_295' title='bbox 1413 3023 1499 3087; x_wconf 89' lang='lat' dir='ltr'>locu-</span> 
     </span>
     <span class='ocr_line' id='line_1_28' title="bbox 100 3126 1496 3213; baseline 0.001 -23"><span class='ocrx_word' id='word_1_296' title='bbox 100 3129 220 3192; x_wconf 92' lang='lat' dir='ltr'>tionem</span> <span class='ocrx_word' id='word_1_297' title='bbox 237 3148 276 3190; x_wconf 91' lang='lat' dir='ltr'>ne</span> <span class='ocrx_word' id='word_1_298' title='bbox 288 3126 448 3191; x_wconf 87' lang='lat' dir='ltr'>Isocrates</span> <span class='ocrx_word' id='word_1_299' title='bbox 461 3126 592 3211; x_wconf 90' lang='lat' dir='ltr'>quidem</span> <span class='ocrx_word' id='word_1_300' title='bbox 607 3147 747 3210; x_wconf 89' lang='lat' dir='ltr'>usquam</span> <span class='ocrx_word' id='word_1_301' title='bbox 763 3132 908 3209; x_wconf 81' lang='grc' dir='ltr'>611111γάρ</span> <span class='ocrx_word' id='word_1_302' title='bbox 924 3128 1105 3209; x_wconf 91' lang='lat' dir='ltr'>coniunxit,</span> <span class='ocrx_word' id='word_1_303' title='bbox 1123 3126 1196 3191; x_wconf 91' lang='lat' dir='ltr'>dico</span> <span class='ocrx_word' id='word_1_304' title='bbox 1212 3131 1297 3201; x_wconf 73' lang='grc' dir='ltr'>οὔτως</span> <span class='ocrx_word' id='word_1_305' title='bbox 1313 3131 1373 3207; x_wconf 85' lang='grc' dir='ltr'>ἔχει</span> <span class='ocrx_word' id='word_1_306' title='bbox 1388 3126 1445 3213; x_wconf 89' lang='lat' dir='ltr'>(cf.</span> <span class='ocrx_word' id='word_1_307' title='bbox 1463 3126 1496 3192; x_wconf 87' lang='lat' dir='ltr'>S.</span> 
     </span>
     <span class='ocr_line' id='line_1_29' title="bbox 102 3230 1500 3319; baseline 0 -23"><span class='ocrx_word' id='word_1_308' title='bbox 102 3231 301 3318; x_wconf 83' lang='lat' dir='ltr'>Ljungdahl,</span> <span class='ocrx_word' id='word_1_309' title='bbox 320 3231 359 3295; x_wconf 91' lang='lat' dir='ltr'>de</span> <span class='ocrx_word' id='word_1_310' title='bbox 380 3230 571 3295; x_wconf 89' lang='lat' dir='ltr'>transeundi</span> <span class='ocrx_word' id='word_1_311' title='bbox 589 3230 774 3314; x_wconf 85' lang='lat' dir='ltr'>generibus,</span> <span class='ocrx_word' id='word_1_312' title='bbox 790 3231 907 3314; x_wconf 90' lang='lat' dir='ltr'>quibus</span> <span class='ocrx_word' id='word_1_313' title='bbox 923 3233 1024 3295; x_wconf 89' lang='lat' dir='ltr'>utitur</span> <span class='ocrx_word' id='word_1_314' title='bbox 1038 3231 1148 3314; x_wconf 78' lang='lat' dir='ltr'>Isocr,</span> <span class='ocrx_word' id='word_1_315' title='bbox 1161 3255 1192 3319; x_wconf 91' lang='lat' dir='ltr'>p.</span> <span class='ocrx_word' id='word_1_316' title='bbox 1210 3231 1276 3317; x_wconf 83' lang='grc'>67).</span> <span class='ocrx_word' id='word_1_317' title='bbox 1307 3231 1392 3296; x_wconf 90' lang='lat' dir='ltr'>hanc</span> <span class='ocrx_word' id='word_1_318' title='bbox 1405 3233 1500 3296; x_wconf 89' lang='lat' dir='ltr'>ratio·</span> 
     </span>
     <span class='ocr_line' id='line_1_30' title="bbox 100 3333 1499 3421; baseline 0 -21"><span class='ocrx_word' id='word_1_319' title='bbox 100 3359 175 3400; x_wconf 90' lang='lat' dir='ltr'>nem</span> <span class='ocrx_word' id='word_1_320' title='bbox 193 3345 321 3400; x_wconf 90' lang='lat' dir='ltr'>secutus</span> <span class='ocrx_word' id='word_1_321' title='bbox 336 3345 384 3399; x_wconf 88' lang='lat' dir='ltr'>est</span> <span class='ocrx_word' id='word_1_322' title='bbox 398 3333 470 3420; x_wconf 73' lang='lat' dir='ltr'>ille,</span> <span class='ocrx_word' id='word_1_323' title='bbox 479 3357 575 3421; x_wconf 80' lang='lat' dir='ltr'>quem</span> <span class='ocrx_word' id='word_1_324' title='bbox 588 3337 731 3399; x_wconf 84' lang='lat' dir='ltr'>maxime</span> <span class='ocrx_word' id='word_1_325' title='bbox 745 3338 952 3400; x_wconf 86' lang='lat' dir='ltr'>concinnitati</span> <span class='ocrx_word' id='word_1_326' title='bbox 964 3346 1100 3421; x_wconf 91' lang='lat' dir='ltr'>artoque</span> <span class='ocrx_word' id='word_1_327' title='bbox 1113 3339 1279 3401; x_wconf 87' lang='lat' dir='ltr'>contextui</span> <span class='ocrx_word' id='word_1_328' title='bbox 1291 3335 1499 3421; x_wconf 90' lang='lat' dir='ltr'>periodorum</span> 
     </span>
     <span class='ocr_line' id='line_1_31' title="bbox 100 3439 1499 3526; baseline -0.001 -22"><span class='ocrx_word' id='word_1_329' title='bbox 100 3439 272 3505; x_wconf 90' lang='lat' dir='ltr'>indulsisse</span> <span class='ocrx_word' id='word_1_330' title='bbox 285 3448 421 3505; x_wconf 89' lang='lat' dir='ltr'>constat.</span> <span class='ocrx_word' id='word_1_331' title='bbox 445 3439 532 3524; x_wconf 89' lang='lat' dir='ltr'>apud</span> <span class='ocrx_word' id='word_1_332' title='bbox 545 3441 741 3524; x_wconf 89' lang='lat' dir='ltr'>posteriores</span> <span class='ocrx_word' id='word_1_333' title='bbox 757 3449 866 3504; x_wconf 89' lang='lat' dir='ltr'>autem</span> <span class='ocrx_word' id='word_1_334' title='bbox 877 3440 978 3505; x_wconf 86' lang='lat' dir='ltr'>veluti</span> <span class='ocrx_word' id='word_1_335' title='bbox 990 3441 1245 3506; x_wconf 91' lang='lat' dir='ltr'>Demosthenem</span> <span class='ocrx_word' id='word_1_336' title='bbox 1256 3441 1356 3505; x_wconf 91' lang='lat' dir='ltr'>multo</span> <span class='ocrx_word' id='word_1_337' title='bbox 1369 3441 1499 3526; x_wconf 92' lang='lat' dir='ltr'>saepius</span> 
     </span>
     <span class='ocr_line' id='line_1_32' title="bbox 100 3529 1166 3632; baseline -0.001 -23"><span class='ocrx_word' id='word_1_338' title='bbox 100 3549 167 3610; x_wconf 88' lang='lat' dir='ltr'>eius</span> <span class='ocrx_word' id='word_1_339' title='bbox 183 3545 271 3611; x_wconf 90' lang='lat' dir='ltr'>modi</span> <span class='ocrx_word' id='word_1_340' title='bbox 286 3545 447 3632; x_wconf 90' lang='lat' dir='ltr'>asyndeta</span> <span class='ocrx_word' id='word_1_341' title='bbox 462 3546 680 3609; x_wconf 87' lang='lat' dir='ltr'>inveniuntur.</span> <span class='ocrx_word' id='word_1_342' title='bbox 1160 3529 1166 3540; x_wconf 53' lang='lat'><strong><em>⁵</em></strong></span> 
     </span>
    </p>
   </div>
   <div class='ocr_carea' id='block_1_4' title="bbox 786 3703 817 3768">
    <p class='ocr_par' dir='ltr' id='par_1_6' title="bbox 786 3703 817 3768">
     <span class='ocr_line' id='line_1_33' title="bbox 786 3703 817 3768; baseline 0 0"><span class='ocrx_word' id='word_1_343' title='bbox 786 3703 817 3768; x_wconf 83' lang='lat'>5.</span> 
     </span>
    </p>
   </div>
   <div class='ocr_carea' id='block_1_5' title="bbox 98 3823 1501 4327">
    <p class='ocr_par' dir='ltr' id='par_1_7' title="bbox 98 3823 1501 4327">
     <span class='ocr_line' id='line_1_34' title="bbox 203 3823 1499 3912; baseline 0 -23"><span class='ocrx_word' id='word_1_344' title='bbox 203 3824 268 3890; x_wconf 88' lang='lat' dir='ltr'>Sed</span> <span class='ocrx_word' id='word_1_345' title='bbox 288 3825 477 3910; x_wconf 87' lang='lat' dir='ltr'>priusquam</span> <span class='ocrx_word' id='word_1_346' title='bbox 499 3823 539 3888; x_wconf 92' lang='lat' dir='ltr'>de</span> <span class='ocrx_word' id='word_1_347' title='bbox 561 3825 682 3890; x_wconf 90' lang='lat' dir='ltr'>causali</span> <span class='ocrx_word' id='word_1_348' title='bbox 702 3835 735 3888; x_wconf 92' lang='lat' dir='ltr'>et</span> <span class='ocrx_word' id='word_1_349' title='bbox 755 3825 952 3910; x_wconf 89' lang='lat' dir='ltr'>explicativo</span> <span class='ocrx_word' id='word_1_350' title='bbox 972 3848 1034 3890; x_wconf 93' lang='lat' dir='ltr'>usu</span> <span class='ocrx_word' id='word_1_351' title='bbox 1053 3824 1233 3912; x_wconf 88' lang='lat' dir='ltr'>particulae</span> <span class='ocrx_word' id='word_1_352' title='bbox 1253 3831 1306 3908; x_wconf 81' lang='grc' dir='ltr'>γάρ</span> <span class='ocrx_word' id='word_1_353' title='bbox 1327 3847 1424 3910; x_wconf 84' lang='lat' dir='ltr'>agere</span> <span class='ocrx_word' id='word_1_354' title='bbox 1445 3823 1499 3889; x_wconf 91' lang='lat' dir='ltr'>de-</span> 
     </span>
     <span class='ocr_line' id='line_1_35' title="bbox 100 3927 1500 4016; baseline 0.001 -24"><span class='ocrx_word' id='word_1_355' title='bbox 100 3931 254 4014; x_wconf 88' lang='lat' dir='ltr'>sistimus,</span> <span class='ocrx_word' id='word_1_356' title='bbox 275 3930 388 4014; x_wconf 89' lang='lat' dir='ltr'>paucis</span> <span class='ocrx_word' id='word_1_357' title='bbox 409 3927 519 3992; x_wconf 85' lang='lat' dir='ltr'>verbis</span> <span class='ocrx_word' id='word_1_358' title='bbox 536 3929 766 4015; x_wconf 88' lang='lat' dir='ltr'>exponendum</span> <span class='ocrx_word' id='word_1_359' title='bbox 783 3939 832 3992; x_wconf 90' lang='lat' dir='ltr'>est</span> <span class='ocrx_word' id='word_1_360' title='bbox 848 3933 1049 3995; x_wconf 91' lang='lat' dir='ltr'>enuntiatum</span> <span class='ocrx_word' id='word_1_361' title='bbox 1065 3954 1084 3993; x_wconf 92' lang='lat' dir='ltr'>a</span> <span class='ocrx_word' id='word_1_362' title='bbox 1099 3930 1153 4013; x_wconf 79' lang='grc' dir='ltr'>γάρ</span> <span class='ocrx_word' id='word_1_363' title='bbox 1168 3931 1329 4016; x_wconf 89' lang='lat' dir='ltr'>incipiens</span> <span class='ocrx_word' id='word_1_364' title='bbox 1344 3951 1500 3994; x_wconf 90' lang='lat' dir='ltr'>nonnum·</span> 
     </span>
     <span class='ocr_line' id='line_1_36' title="bbox 100 4031 1498 4119; baseline 0.001 -23"><span class='ocrx_word' id='word_1_365' title='bbox 100 4056 196 4118; x_wconf 91' lang='lat' dir='ltr'>quam</span> <span class='ocrx_word' id='word_1_366' title='bbox 209 4055 279 4096; x_wconf 92' lang='lat' dir='ltr'>esse</span> <span class='ocrx_word' id='word_1_367' title='bbox 294 4031 541 4098; x_wconf 89' lang='lat' dir='ltr'>referendum</span> <span class='ocrx_word' id='word_1_368' title='bbox 557 4055 632 4097; x_wconf 92' lang='lat' dir='ltr'>non</span> <span class='ocrx_word' id='word_1_369' title='bbox 647 4034 693 4098; x_wconf 90' lang='lat' dir='ltr'>ad</span> <span class='ocrx_word' id='word_1_370' title='bbox 710 4035 956 4117; x_wconf 89' lang='lat' dir='ltr'>sententiam,</span> <span class='ocrx_word' id='word_1_371' title='bbox 973 4057 1069 4119; x_wconf 90' lang='lat' dir='ltr'>quae</span> <span class='ocrx_word' id='word_1_372' title='bbox 1082 4036 1498 4111; x_wconf 86' lang='lat' dir='ltr'>continuoantecessit,</span> 
     </span>
     <span class='ocr_line' id='line_1_37' title="bbox 100 4136 1501 4228; baseline 0.001 -27"><span class='ocrx_word' id='word_1_373' title='bbox 100 4138 166 4202; x_wconf 88' lang='lat' dir='ltr'>sed</span> <span class='ocrx_word' id='word_1_374' title='bbox 190 4137 237 4200; x_wconf 92' lang='lat' dir='ltr'>ad</span> <span class='ocrx_word' id='word_1_375' title='bbox 260 4139 518 4218; x_wconf 83' lang='lat' dir='ltr'>remotiorcm3</span> <span class='ocrx_word' id='word_1_376' title='bbox 545 4136 580 4200; x_wconf 93' lang='lat' dir='ltr'>id</span> <span class='ocrx_word' id='word_1_377' title='bbox 605 4138 691 4222; x_wconf 91' lang='lat' dir='ltr'>quod</span> <span class='ocrx_word' id='word_1_378' title='bbox 715 4139 803 4223; x_wconf 91' lang='lat' dir='ltr'>apud</span> <span class='ocrx_word' id='word_1_379' title='bbox 824 4139 1027 4204; x_wconf 87' lang='lat' dir='ltr'>Herodotum</span> <span class='ocrx_word' id='word_1_380' title='bbox 1050 4140 1218 4205; x_wconf 86' lang='lat' dir='ltr'>observari</span> <span class='ocrx_word' id='word_1_381' title='bbox 1241 4148 1347 4228; x_wconf 90' lang='lat' dir='ltr'>potest</span> <span class='ocrx_word' id='word_1_382' title='bbox 1370 4149 1407 4203; x_wconf 92' lang='lat' dir='ltr'>ut</span> <span class='ocrx_word' id='word_1_383' title='bbox 1428 4138 1501 4203; x_wconf 88' lang='lat' dir='ltr'>aliis</span> 
     </span>
     <span class='ocr_line' id='line_1_38' title="bbox 98 4241 1501 4327; baseline 0.001 -21"><span class='ocrx_word' id='word_1_384' title='bbox 98 4242 178 4306; x_wconf 92' lang='lat' dir='ltr'>locis</span> <span class='ocrx_word' id='word_1_385' title='bbox 194 4243 239 4306; x_wconf 87' lang='lat' dir='ltr'>ita</span> <span class='ocrx_word' id='word_1_386' title='bbox 254 4241 271 4304; x_wconf 94' lang='lat' dir='ltr'>I</span> <span class='ocrx_word' id='word_1_387' title='bbox 287 4242 326 4305; x_wconf 81' lang='grc'>11</span> <span class='ocrx_word' id='word_1_388' title='bbox 344 4252 376 4308; x_wconf 90' lang='lat' dir='ltr'>et</span> <span class='ocrx_word' id='word_1_389' title='bbox 393 4241 530 4325; x_wconf 77' lang='grc'>111146,</span> <span class='ocrx_word' id='word_1_390' title='bbox 546 4241 604 4306; x_wconf 94' lang='lat' dir='ltr'>ubi</span> <span class='ocrx_word' id='word_1_391' title='bbox 619 4243 730 4308; x_wconf 87' lang='lat' dir='ltr'>verbis</span> <span class='ocrx_word' id='word_1_392' title='bbox 748 4246 849 4320; x_wconf 78' lang='grc' dir='ltr'>ἐσῆλθε</span> <span class='ocrx_word' id='word_1_393' title='bbox 864 4250 918 4326; x_wconf 81' lang='grc' dir='ltr'>γάρ</span> <span class='ocrx_word' id='word_1_394' title='bbox 938 4267 973 4322; x_wconf 88' lang='grc' dir='ltr'>με</span> <span class='ocrx_word' id='word_1_395' title='bbox 988 4247 1173 4325; x_wconf 82' lang='grc' dir='ltr'>λογισάμενον</span> <span class='ocrx_word' id='word_1_396' title='bbox 1188 4250 1355 4327; x_wconf 73' lang='grc' dir='ltr'>κατοικτῐραι</span> <span class='ocrx_word' id='word_1_397' title='bbox 1369 4243 1501 4308; x_wconf 87' lang='lat' dir='ltr'>Xerxes</span> 
     </span>
    </p>
   </div>
   <div class='ocr_carea' id='block_1_6' title="bbox 205 4450 1160 4522">
    <p class='ocr_par' dir='ltr' id='par_1_8' title="bbox 205 4450 1160 4522">
     <span class='ocr_line' id='line_1_39' title="bbox 205 4450 1160 4522; baseline 0.005 -22"><span class='ocrx_word' id='word_1_398' title='bbox 205 4453 224 4517; x_wconf 87' lang='lat'>¹)</span> <span class='ocrx_word' id='word_1_399' title='bbox 237 4452 391 4501; x_wconf 89' lang='lat' dir='ltr'>Herodotus</span> <span class='ocrx_word' id='word_1_400' title='bbox 403 4450 469 4500; x_wconf 91' lang='lat' dir='ltr'>VIII</span> <span class='ocrx_word' id='word_1_401' title='bbox 484 4452 533 4500; x_wconf 82' lang='grc'>120</span> <span class='ocrx_word' id='word_1_402' title='bbox 545 4450 652 4516; x_wconf 89' lang='lat' dir='ltr'>plenius</span> <span class='ocrx_word' id='word_1_403' title='bbox 664 4453 771 4517; x_wconf 86' lang='lat' dir='ltr'>scripsit</span> <span class='ocrx_word' id='word_1_404' title='bbox 785 4451 847 4520; x_wconf 80' lang='grc' dir='ltr'>μέγα</span> <span class='ocrx_word' id='word_1_405' title='bbox 860 4450 886 4502; x_wconf 73' lang='grc' dir='ltr'>δὲ</span> <span class='ocrx_word' id='word_1_406' title='bbox 898 4451 939 4502; x_wconf 78' lang='grc' dir='ltr'>καὶ</span> <span class='ocrx_word' id='word_1_407' title='bbox 951 4451 1006 4504; x_wconf 84' lang='grc' dir='ltr'>τόδε</span> <span class='ocrx_word' id='word_1_408' title='bbox 1019 4452 1160 4522; x_wconf 79' lang='grc' dir='ltr'>μαρτύριον.</span> 
     </span>
    </p>
   </div>
   <div class='ocr_carea' id='block_1_7' title="bbox 100 4537 1501 4688">
    <p class='ocr_par' dir='ltr' id='par_1_9' title="bbox 100 4537 1501 4688">
     <span class='ocr_line' id='line_1_40' title="bbox 204 4537 1501 4609; baseline 0.004 -21"><span class='ocrx_word' id='word_1_409' title='bbox 204 4539 226 4604; x_wconf 79' lang='lat'>²)</span> <span class='ocrx_word' id='word_1_410' title='bbox 240 4539 356 4588; x_wconf 90' lang='lat' dir='ltr'>Uberius</span> <span class='ocrx_word' id='word_1_411' title='bbox 369 4539 402 4587; x_wconf 93' lang='lat' dir='ltr'>de</span> <span class='ocrx_word' id='word_1_412' title='bbox 415 4538 455 4587; x_wconf 90' lang='lat' dir='ltr'>his</span> <span class='ocrx_word' id='word_1_413' title='bbox 468 4537 589 4588; x_wconf 87' lang='lat' dir='ltr'>formulis</span> <span class='ocrx_word' id='word_1_414' title='bbox 602 4539 728 4588; x_wconf 86' lang='lat' dir='ltr'>disseruit</span> <span class='ocrx_word' id='word_1_415' title='bbox 737 4539 763 4588; x_wconf 90' lang='lat' dir='ltr'>J.</span> <span class='ocrx_word' id='word_1_416' title='bbox 777 4541 891 4590; x_wconf 75' lang='lat' dir='ltr'>Kvidala</span> <span class='ocrx_word' id='word_1_417' title='bbox 902 4543 931 4590; x_wconf 92' lang='lat' dir='ltr'>in</span> <span class='ocrx_word' id='word_1_418' title='bbox 943 4543 1028 4606; x_wconf 88' lang='lat' dir='ltr'>symb.</span> <span class='ocrx_word' id='word_1_419' title='bbox 1041 4542 1106 4607; x_wconf 89' lang='lat' dir='ltr'>phil.</span> <span class='ocrx_word' id='word_1_420' title='bbox 1121 4543 1205 4593; x_wconf 91' lang='lat' dir='ltr'>Bonn.</span> <span class='ocrx_word' id='word_1_421' title='bbox 1220 4560 1245 4609; x_wconf 90' lang='lat' dir='ltr'>p.</span> <span class='ocrx_word' id='word_1_422' title='bbox 1259 4545 1309 4592; x_wconf 81' lang='lat'>658</span> <span class='ocrx_word' id='word_1_423' title='bbox 1322 4559 1374 4607; x_wconf 82' lang='lat' dir='ltr'>sq.;</span> <span class='ocrx_word' id='word_1_424' title='bbox 1387 4542 1421 4592; x_wconf 82' lang='lat' dir='ltr'>cf.</span> <span class='ocrx_word' id='word_1_425' title='bbox 1434 4540 1501 4607; x_wconf 84' lang='lat' dir='ltr'>Lys.</span> 
     </span>
     <span class='ocr_line' id='line_1_41' title="bbox 100 4625 433 4688; baseline 0 -14"><span class='ocrx_word' id='word_1_426' title='bbox 100 4625 205 4675; x_wconf 88' lang='lat' dir='ltr'>XVIIII</span> <span class='ocrx_word' id='word_1_427' title='bbox 218 4627 260 4688; x_wconf 89' lang='lat'>33,</span> <span class='ocrx_word' id='word_1_428' title='bbox 274 4625 379 4674; x_wconf 87' lang='lat' dir='ltr'>XXHII</span> <span class='ocrx_word' id='word_1_429' title='bbox 393 4628 433 4674; x_wconf 90' lang='lat' dir='ltr'>ll.</span> 
     </span>
    </p>
   </div>
   <div class='ocr_carea' id='block_1_8' title="bbox 0 0 1626 5092">
    <p class='ocr_par' dir='ltr' id='par_1_10' title="bbox 0 0 1626 5092">
     <span class='ocr_line' id='line_1_42' title="bbox 0 0 1626 5092; baseline 0 0"><span class='ocrx_word' id='word_1_430' title='bbox 0 0 1626 5092; x_wconf 95' lang='lat' dir='ltr'> </span> 
     </span>
    </p>
   </div>
  </div>
 </body>
</html>
