3225 5092
788 495 819 558 4.

210 616 280 682 Iam
304 616 444 701 antiquis
466 615 667 700 temporibus
692 618 776 677 τοίνυν
799 615 847 680 ibi
869 635 998 701 quoque
1020 615 1169 680 adhiberi
1192 626 1343 702 coeptum
1363 626 1422 699 cst,
1445 616 1503 681 ubi

107 723 308 787 enuntiata
335 742 408 784 non
435 721 578 785 artiore
606 721 887 785 sententiarum
913 720 1204 784 necessitudine
1231 720 1502 803 cohaerebant,

107 849 181 891 cum
196 826 355 913 particula
370 825 415 888 οὖν
431 835 500 890 tum
516 824 660 889 nondum
675 832 743 889 tam
758 823 948 910 frequenter
962 823 1025 888 hoc
1040 824 1137 888 modo
1152 834 1372 911 usurparetur.

210 929 261 994 Ac
283 930 473 1016 plerumque
494 928 678 994 adnectitur
698 949 750 992 res
771 928 902 993 diversa
923 929 1056 1013 quidem
1075 929 1117 994 ab
1140 931 1196 1011 eis,
1212 951 1295 1015 quae
1311 950 1503 1015 praegressa

106 1045 190 1121 sunt,
214 1035 271 1099 sed
295 1056 369 1098 cum
391 1036 541 1099 universo
566 1041 754 1118 argumento
781 1055 972 1117 congruens.
1003 1031 1094 1097 velut
1116 1033 1203 1097 And.
1224 1035 1241 1099 I
1262 1033 1311 1120 15,
1332 1041 1504 1120 postquam

106 1141 243 1226 primam
258 1140 451 1203 narrationis
466 1141 627 1223 partem§
646 1137 686 1200 14
701 1137 811 1202 verbis
827 1142 921 1219 πρώτη
938 1140 989 1214 μὲν
1003 1136 1027 1199 ὦ
1042 1141 1069 1204 ἆ.
1094 1143 1204 1215 μήνυσις
1226 1140 1336 1218 ἐγένετο
1352 1141 1419 1216 αίντη
1435 1160 1502 1224 eqs.

107 1243 273 1325 conclusit,
290 1242 378 1327 loqui
394 1245 500 1327 pergit
515 1244 703 1327 quaestione
720 1240 760 1305 de
776 1241 939 1326 Diogneto
956 1241 1134 1306 habitabis
1154 1241 1263 1307 verbis
1285 1245 1398 1325 δευτέρα
1418 1243 1502 1304 τοίνυν

106 1354 219 1427 μήνυσις
235 1352 354 1430 ἐγένετο,
370 1346 428 1411 ubi
444 1349 702 1411 coniunctionem
718 1349 813 1428 τοίνυν,
835 1348 957 1432 quippe
979 1369 1062 1431 quae
1083 1369 1243 1432 nusquam
1262 1347 1503 1412 adversativam

105 1452 225 1520 habeat
241 1454 317 1537 vim,
333 1452 513 1538 particulae
530 1454 580 1527 μέν
596 1473 660 1514 non
675 1449 873 1536 respondere
888 1452 947 1514 vix
962 1459 1020 1532 est,
1034 1450 1120 1536 quod
1136 1473 1300 1531 moneam,
1316 1450 1369 1532 23,
1385 1450 1426 1514 de
1439 1472 1502 1536 quo

104 1557 175 1621 loco
190 1557 276 1621 iufra
291 1556 521 1642 disputabitur,
546 1554 622 1640 92¹)
639 1563 671 1618 et
688 1554 760 1638 144,
781 1576 845 1640 quo
860 1554 930 1619 loeo
946 1563 1083 1640 utroque
1098 1579 1119 1620 a
1134 1556 1245 1621 verbis
1265 1559 1403 1636 castarte
1416 1557 1502 1617 τοίνυν

104 1684 190 1726 nova
205 1685 280 1748 pars
296 1661 418 1747 incipit.
449 1661 545 1745 plane
567 1658 680 1723 eodem
695 1659 791 1725 modo
806 1662 892 1750 τοίνυν
907 1661 1071 1725 invenitur
1087 1657 1186 1744 Gorg.
1204 1659 1273 1725 Pal.
1294 1660 1334 1724 13
1351 1659 1501 1746 (σκέψασθε

104 1767 190 1828 τοίνυν
210 1767 257 1827 καὶ
276 1767 363 1848 τόδε),
381 1767 406 1828 si
422 1764 546 1828 Reiskii
567 1762 826 1829 emendationem
846 1765 923 1828 satis
943 1762 1147 1850 probabilem
1162 1767 1354 1850 accipimus3
1376 1786 1441 1850 qua
1455 1785 1501 1827 re-

104 1871 188 1934 iecta
204 1868 290 1955 quod
307 1867 496 1951 Rosenberg
508 1867 554 1952 (p.
571 1867 646 1954 117)
660 1891 770 1932 rursus
782 1868 826 1932 ad
838 1870 1032 1954 scripturam
1045 1867 1194 1932 codicum
1205 1877 1294 1953 κοινῇ,
1311 1891 1393 1953 quae
1406 1890 1503 1932 sensu

105 1995 235 2059 prorsus
252 1995 363 2038 carere
379 1971 457 2036 mihi
473 1972 612 2054 videtur,
628 1974 775 2054 recurrit,
791 1995 865 2036 mea
882 1972 1013 2058 quidem
1029 1974 1188 2036 sententia
1203 1972 1292 2037 haud
1307 1982 1396 2037 recte
1412 1972 1499 2036 fecit.

104 2078 167 2142 alia
187 2080 257 2141 eius
278 2100 355 2141 usus
376 2076 527 2162 exempla
547 2086 622 2140 sunt
641 2077 720 2162 Lys.
739 2076 876 2140 XXXII
899 2076 951 2158 21,
972 2075 1024 2159 22,
1045 2076 1144 2141 Isocr.
1163 2076 1231 2140 XII
1251 2076 1303 2159 59,
1321 2077 1361 2142 cf.
1380 2076 1501 2162 Ljung-

104 2181 180 2246 dahl
195 2205 226 2267 p.
240 2182 292 2247 22.

206 2287 351 2351 Maxime
367 2294 476 2349 autem
492 2287 664 2371 perspicua
680 2295 713 2349 et
727 2285 898 2349 manifesta
912 2286 993 2350 haec
1009 2287 1058 2349 vis
1073 2286 1253 2371 particulae
1268 2289 1354 2349 τοίνυν
1370 2295 1427 2368 est,
1443 2284 1500 2349 ubi

103 2390 222 2475 legitur
234 2394 271 2452 ἔτι
283 2394 377 2474 τοίνυν,
395 2391 485 2454 cuius
501 2412 578 2452 usus
593 2391 776 2454 testimonia
789 2399 1021 2474 congesserunt
1038 2389 1218 2455 Schneider
1232 2392 1266 2454 in
1282 2391 1331 2455 ed.
1346 2391 1498 2455 Isocratis

103 2493 120 2556 I
135 2493 175 2558 51
194 2504 225 2559 ct
241 2493 395 2561 Gebauer
409 2498 443 2560 in
460 2495 510 2559 ed.
523 2494 644 2581 Lysiae
659 2517 691 2580 p.
704 2493 776 2559 485.
805 2494 920 2560 eadem
936 2496 1059 2559 ratione
1073 2494 1258 2580 Xenophon
1273 2497 1401 2581 saepius
1418 2495 1501 2559 dixit

103 2600 149 2661 καὶ
164 2602 260 2682 τοίνυν,
277 2614 375 2687 quam
390 2599 585 2664 locutionem
601 2621 620 2662 a
635 2620 781 2663 sermone
798 2608 962 2664 oratorum
977 2599 1092 2664 decem
1106 2599 1233 2665 illorum
1248 2600 1386 2664 alienam
1400 2599 1499 2662 fuisse

103 2702 293 2790 Rosenherg
312 2726 344 2789 p.
362 2704 424 2767 118
441 2704 565 2768 docuit:
590 2701 867 2787 cyr.11112,35,
888 2703 920 2767 V
938 2705 966 2787 1,
986 2704 1018 2787 4,
1040 2703 1119 2769 Oec.
1136 2705 1169 2768 X
1187 2705 1216 2788 1,
1237 2725 1300 2789 quo
1322 2703 1393 2768 loco
1417 2703 1500 2768 sicut

103 2807 267 2894 plerisque
280 2811 328 2870 καί
343 2817 376 2872 et
390 2811 475 2870 τοίνυν
491 2806 592 2871 verbo
609 2806 813 2874 dirimuntur.

206 2913 357 2999 Denique
369 2913 423 2976 hic
439 2912 619 2977 adferenda
635 2923 710 2978 sunt
721 2912 824 2977 verba
839 2916 903 2996 φέρε
919 2914 952 2990 δὴ
964 2915 1061 2998 τοίνυν,
1078 2937 1161 2999 quae
1173 2913 1352 2979 Andocidis
1367 2913 1499 2999 propria

103 3039 173 3081 esse
189 3017 380 3102 Rosenberg
396 3039 428 3102 p.
444 3016 504 3080 113
521 3025 554 3081 et
570 3012 723 3081 Gebauer
738 3019 771 3081 in
788 3017 839 3081 ed.
852 3017 931 3102 Lys.
945 3039 976 3103 p.
990 3016 1053 3081 228
1075 3019 1321 3099 contenderunt,
1342 3039 1403 3102 ego
1419 3039 1496 3081 vero

103 3144 141 3184 ea
160 3143 225 3186 non
247 3122 349 3186 solum
365 3120 451 3185 And.
464 3120 481 3183 I
496 3120 548 3204 21,
565 3120 617 3206 90,
637 3121 708 3203 117,
730 3119 790 3184 128
806 3124 946 3208 repperi,
963 3122 1020 3186 sed
1041 3123 1138 3187 etiam
1158 3121 1199 3186 de
1215 3121 1292 3187 Ath.
1309 3144 1377 3207 rep.
1395 3120 1447 3184 III
1466 3121 1496 3186 5.

207 3401 226 3463 ¹)
245 3401 298 3450 Hic
314 3399 390 3455 locus
406 3401 453 3462 ita,
470 3406 500 3449 ut
518 3400 639 3463 traditur,
653 3401 716 3450 ferri
734 3417 789 3451 non
806 3416 884 3466 posse
901 3402 966 3450 mihi
983 3402 1098 3451 videtur.
1124 3419 1184 3452 cum
1202 3404 1274 3452 enim
1290 3403 1393 3452 iudices
1409 3403 1497 3452 verbis

103 3485 222 3554 σκέψασθε
235 3486 312 3536 τοίνυν
325 3488 528 3550 admoneantur,
541 3493 572 3536 ut
584 3487 656 3536 aliud
670 3488 795 3553 quiddam
808 3490 962 3554 respiciant,
974 3489 1032 3538 fieri
1045 3505 1099 3538 non
1112 3495 1207 3555 potest,
1219 3494 1250 3539 ut
1261 3489 1344 3554 leges,
1358 3490 1497 3555 dequibus

102 3577 133 3638 ξς
144 3576 245 3626 70-89
255 3579 345 3624 actum
356 3579 403 3637 est,
414 3576 510 3624 iterum
521 3580 768 3636 commemorentur,
779 3578 935 3640 praesertim
946 3591 1006 3626 cum
1017 3577 1105 3626 verbis
1116 3575 1155 3625 καὶ
1168 3574 1222 3633 τους
1235 3575 1322 3643 νόμους
1332 3577 1452 3626 additum
1462 3578 1497 3626 sit

102 3660 140 3710 καὶ
154 3659 209 3720 τοὶνς
223 3659 378 3729 κατηγόρους,
400 3664 480 3711 immo
493 3669 634 3728 postquam
647 3662 680 3712 de
693 3662 799 3727 legibus
813 3668 839 3712 et
852 3663 885 3712 de
897 3665 977 3713 variis
990 3663 1134 3728 generibus
1146 3665 1211 3713 iuris
1224 3665 1331 3714 iurandi
1344 3665 1494 3730 expositum

103 3755 152 3813 est,
165 3751 218 3802 iam
231 3749 350 3799 dicturus
364 3755 404 3798 est
416 3750 567 3799 Andocides
580 3750 613 3799 de
625 3755 811 3800 accusatorum
824 3749 978 3810 sceleribus,
991 3765 1060 3815 quae
1073 3752 1111 3800 ita
1124 3753 1300 3816 persequitur,
1312 3756 1351 3815 ut,
1364 3767 1418 3816 qua
1427 3753 1498 3816 quis-

102 3851 154 3901 que
167 3835 227 3902 lege
240 3851 380 3901 poenaque
394 3841 526 3899 teneatur,
540 3837 670 3888 ostendat.
696 3836 750 3886 loci
762 3838 845 3902 igitur
862 3839 996 3886 sententia
1012 3836 1234 3887 commendantur
1250 3852 1290 3900 ea,
1308 3853 1378 3903 quae
1390 3839 1499 3904 Lipsius

101 3924 225 3973 disseruit
238 3923 336 3973 Philol.
349 3925 416 3974 Ana.
430 3923 468 3972 VI
486 3926 545 3990 235,
562 3924 622 3974 adn.
635 3927 662 3972 1:
685 3924 811 3990 Beilitafiq
829 3927 865 3973 sei
882 3925 999 3983 όοκιονίτί,
1015 3924 1076 3974 dass
1092 3923 1135 3972 die
1144 3923 1307 3974 cialeitertden
1323 3926 1406 3975 Worte
1418 3925 1498 3974 dieses

98 4027 196 4076 parnaso
210 4010 364 4060 Adschnittes
376 4013 411 4059 im
424 4009 530 4076 Aufoatq
542 4028 590 4060 vota
602 4014 618 4072 §
630 4013 664 4060 92
677 4017 726 4060 eret
739 4011 812 4060 daran
823 4028 855 4060 aa
866 4011 947 4060 threan
955 4012 1036 4061 vollen
1048 4011 1141 4062 Rechts
1152 4013 1275 4074 hommes,
1290 4028 1364 4062 socna
1379 4029 1441 4062 mun
1456 4011 1499 4061 die

105 4098 188 4147 Wcrte
201 4095 241 4146 καὶ
257 4095 312 4154 τους
325 4094 413 4164 νόμους
426 4098 495 4147 nicht
508 4100 553 4146 mit
567 4097 658 4148 Reiske
670 4096 725 4146 aad
738 4097 815 4146 Blass
826 4097 935 4158 streicht,
952 4098 1062 4148 scudem
1079 4100 1125 4148 mit
1137 4098 1184 4148 der
1194 4099 1272 4149 sehon
1282 4117 1331 4149 con
1344 4099 1430 4149 Lassae
1440 4116 1499 4148 vor·

99 4187 279 4252 9cschta9euen
291 4185 444 4251 Αοηιίανατνρ
463 4184 507 4236 des
524 4183 564 4234 καί
579 4188 608 4234 tn
624 4183 685 4234 κατά
699 4185 783 4234 hister
799 4181 909 4253 ὑπάρχον
925 4186 1038 4236 acuam.
1064 4187 1111 4236 sed
1128 4201 1143 4236 e
1159 4203 1188 4237 re
1205 4186 1429 4252 palaeographiea
1440 4187 1499 4236 reri

102 4273 216 4323 similius
228 4277 269 4324 est
281 4273 364 4322 verba
376 4266 437 4322 κατὰ
454 4269 509 4330 τους
523 4269 610 4339 νόμους
623 4276 683 4337 post
696 4269 736 4320 καὶ
748 4269 802 4330 τοὶνς
820 4269 967 4339 κατηγόρους
981 4272 1114 4322 collocata
1125 4273 1215 4337 fuisse,
1232 4274 1279 4323 ubi
1295 4281 1403 4340 propter
1414 4288 1497 4323 mem-

102 4361 179 4410 brum
193 4360 336 4410 finitimum
354 4362 440 4426 magis
458 4365 535 4410 eraut
552 4360 669 4410 obnoxia
686 4360 861 4427 corruptelae.
886 4375 956 4426 quae
972 4360 1019 4409 ubi
1036 4362 1151 4425 primum
1168 4361 1315 4428 depravata
1333 4369 1404 4425 sunt,
1416 4360 1497 4412 facile

101 4449 240 4514 transponi
256 4453 381 4513 poterant
394 4463 411 4497 a
422 4447 540 4510 librario,
558 4448 605 4512 qui
621 4444 701 4507 αὐτοῖς
715 4449 748 4498 ad
761 4446 909 4517 κατηγόρους
925 4448 1095 4499 referendum
1113 4462 1172 4498 esse
1184 4448 1328 4500 intellexit.
1353 4465 1498 4515 quaecum

101 4534 139 4583 ita
151 4535 212 4597 sint,
225 4535 295 4584 hanc
308 4536 466 4600 scripturam
480 4551 612 4600 propono:
630 4534 750 4604 σκέψασθε
766 4536 845 4586 τοίνυν
857 4530 878 4584 ὦ
891 4531 914 4589 ἄ.
927 4535 967 4586 καὶ
983 4533 1038 4595 τοὺς
1055 4534 1213 4604 κατηγόρους,
1231 4531 1291 4587 κατὰ
1306 4535 1361 4596 τοὺς
1374 4536 1462 4604 νόμους
1475 4534 1499 4587 τί

102 4617 183 4678 αὐτοῖς
196 4618 305 4690 ὑπάρχον
318 4619 408 4688 ἑτέρων
419 4625 591 4690 κατηγοροῦσι.
