3225 5092
126 219 169 284 24

129 409 276 474 XXIIII.
290 434 321 496 p.
336 410 398 476 108
416 411 590 496 contendit,
607 410 665 475 sed
681 414 879 496 argumentis
894 434 958 475 non
974 412 1207 497 comprobavit.
1239 413 1319 478 dicit
1334 415 1429 498 enim,
1444 423 1525 498 post-

133 535 230 600 quam
251 514 291 578 de
311 515 418 579 studio
438 513 581 601 syllabas
600 516 718 580 breves
739 524 771 578 01
794 516 969 601 productas
994 515 1199 580 discernendi
1219 519 1294 601 egit,
1319 517 1416 581 haec:
1438 517 1525 582 ‘Wer

130 619 205 681 wohl
223 619 278 682 dor
293 621 547 684 voroorroaisobe
561 618 702 684 Gelebrte
716 642 793 699 wer,
810 621 866 684 der
873 624 948 708 joae
964 621 1092 684 Theorie
1107 632 1208 684 zaerst
1222 621 1379 707 casstellte
1390 623 1455 685 aad
1469 623 1526 685 dea

132 747 218 809 apex
234 723 368 810 ersendi
398 725 448 786 Ich
464 724 563 811 prise
579 725 664 788 einer
678 727 712 788 ia
728 725 875 789 auderem
886 725 1155 811 bmommenhonq
1169 749 1207 788 aa
1218 725 1404 812 fithrcnden
1418 727 1526 790 1111101·-

130 831 268 913 sacbaop
284 851 349 906 vor,
365 851 450 892 10010
466 829 581 891 10111111
593 829 743 914 Nigidius
754 829 888 914 Figulus
902 831 1018 893 nenne!
1050 830 1107 893 sed
1119 833 1276 916 promisso
1289 831 1454 896 Usenerus
1465 854 1527 896 non

132 934 227 996 stet't.
262 955 338 1015 nec,
359 941 451 1018 pute,
473 933 499 994 si
519 935 701 996 accuratius
722 942 913 1017 argumenta
934 935 1232 1019 circumspexisset,
1252 937 1395 1020 reperire
1415 939 1526 1020 potuit,

130 1036 250 1121 quibus
266 1036 351 1102 hanc
367 1039 550 1121 opinionem
570 1038 784 1102 confirmaret.
793 1037 815 1123 ¹)
845 1061 920 1102 nam
936 1037 1004 1102 sola
1026 1041 1179 1124 temporis
1200 1041 1282 1103 ratio
1304 1039 1347 1104 ad
1362 1040 1529 1123 Nigidium

132 1141 284 1226 quadrat,
307 1164 380 1206 cum
401 1143 619 1206 vetustissima
635 1143 736 1228 apicis
757 1142 909 1227 exempla
927 1143 1047 1207 saeculi
1076 1143 1164 1208 urbis
1187 1145 1314 1229 septimi
1332 1147 1480 1209 exeuntis
1496 1155 1528 1208 et

131 1248 270 1309 ineuntis
282 1248 388 1310 octavi
402 1247 505 1331 sint²>
528 1247 692 1331 ceteroqui
709 1268 772 1310 non
790 1245 893 1312 solum
903 1247 991 1311 nulla
1005 1270 1041 1311 re
1058 1247 1220 1312 indicatur
1231 1248 1382 1332 Figulum
1401 1252 1527 1335 apicem

133 1352 306 1432 invenisse,
328 1350 385 1414 sed
402 1360 485 1432 sunt,
507 1371 589 1435 quae
606 1361 718 1416 contra
733 1373 805 1418 eam
822 1354 1003 1436 opinionem
1019 1354 1150 1416 faciant.
1181 1354 1322 1438 primum
1337 1355 1423 1417 enim
1438 1354 1526 1438 Nigi-

131 1456 203 1520 dius
226 1477 330 1540 aeque
355 1478 394 1519 ac
410 1455 529 1541 Varro,
551 1455 591 1520 de
615 1478 677 1542 quo
702 1457 849 1521 conferas
871 1459 971 1543 ipsius
986 1457 1124 1522 Useneri
1147 1457 1250 1522 verba
1271 1457 1291 1521 l.
1311 1481 1349 1541 0.,
1375 1480 1439 1522 101
1462 1467 1528 1522 tam

135 1559 263 1625 vocales
278 1559 453 1645 productas
473 1583 492 1624 a
508 1559 665 1626 brevibus
682 1561 911 1645 distinguendi,
933 1584 1030 1648 quam
1045 1583 1143 1626 voces
1159 1561 1303 1625 eiusdem
1319 1561 1451 1640 formae,
1473 1562 1529 1627 sed

130 1665 278 1729 diversae
305 1666 547 1749 significationis
572 1665 778 1732 discernendi
805 1667 984 1731 studiosum
1007 1690 1041 1730 se
1065 1665 1211 1751 praebet.
1249 1661 1368 1731 deinde
1398 1690 1471 1731 cum
1498 1669 1531 1732 in

130 1770 317 1833 universum
339 1770 422 1834 duae
443 1773 540 1834 statui
560 1772 684 1857 possint
702 1773 856 1852 rationes,
882 1770 1000 1857 quihus
1025 1769 1156 1835 vocales
1175 1771 1353 1855 productae
1374 1771 1530 1855 significa-

129 1874 257 1956 bantur,
271 1873 312 1938 de
325 1874 441 1958 quibus
454 1875 494 1938 cf.
506 1873 788 1957 Weissbrodtium,
802 1874 981 1959 ‘Philologi’
994 1884 1069 1939 tom.
1078 1875 1276 1939 XXXXIII.
1286 1897 1318 1959 p.
1327 1875 1401 1957 444,
1414 1874 1489 1940 adn.
1501 1877 1529 1959 1,

131 1980 228 2063 prior,
250 2001 314 2063 qua
334 1979 513 2063 vocalesa,
535 2001 563 2061 e,
583 2004 605 2044 u
625 1978 884 2064 geminabantur,
904 2001 963 2064 pro
983 1993 995 2040 i
1015 1981 1045 2042 ei
1065 1979 1279 2060 scribebatur,
1300 1979 1410 2061 altera,
1432 1980 1531 2066 qual

130 2082 227 2166 longa
249 2092 282 2146 et
303 2104 401 2167 supra
422 2105 475 2148 ae
493 2107 513 2146 u
529 2106 669 2148 necnon
685 2106 783 2169 supra
800 2107 817 2148 o
833 2106 920 2169 apex
936 2082 1163 2167 adhibebatur,
1183 2082 1350 2168 Nigidium
1365 2085 1471 2168 potius
1491 2084 1532 2147 ad

134 2187 221 2251 illam
238 2209 335 2273 quam
351 2188 394 2252 ad
411 2186 497 2252 hanc
509 2187 673 2253 scribendi
685 2189 843 2253 rationem
857 2189 1030 2253 inclinasse
1041 2189 1201 2271 videmus,
1216 2190 1263 2252 ita
1278 2197 1323 2269 111,
1340 2190 1365 2251 si
1382 2209 1429 2264 ea,
1447 2209 1531 2273 quae

132 2313 163 2376 p.
177 2291 219 2354 22
233 2314 280 2376 sq.
294 2295 440 2379 exposui,
460 2315 539 2357 vera
559 2302 643 2373 sunt,
664 2295 761 2358 etiam
781 2295 791 2355 i
811 2294 951 2359 litteram
970 2295 1134 2378 geminare
1154 2316 1217 2356 non
1238 2293 1411 2357 dubitaret.
1447 2315 1530 2377 quae

132 2417 206 2460 oum
221 2397 268 2459 ita
288 2397 362 2481 sint,
384 2395 604 2462 confitendum
625 2407 674 2461 est
692 2420 750 2462 nos
770 2420 834 2462 non
854 2400 959 2462 minus
979 2400 1139 2482 ignorare,
1159 2399 1230 2482 quis
1251 2398 1353 2483 apicis
1372 2419 1467 2460 usum
1486 2399 1532 2460 in-

130 2503 264 2583 venerit,
278 2522 384 2586 quam,
397 2503 468 2586 quis
481 2503 497 2566 I
508 2501 614 2586 longa,
628 2524 711 2587 quae
723 2501 798 2564 inde
810 2525 830 2564 a
840 2501 948 2566 Sullae
960 2500 1160 2586 temporibus
1169 2500 1396 2583 adhibebatur,
1409 2503 1532 2586 primus

131 2626 207 2668 usus
225 2606 274 2670 sit.

808 2832 850 2895 ΙΙ.

239 2989 399 3052 Pauciora
415 2991 511 3053 etiam
527 2998 624 3074 atque
639 2991 796 3069 tenuiora,
813 3010 910 3073 quam
927 2991 1229 3052 commentariorum
1248 2987 1533 3071 grammaticorum

137 3093 303 3179 reliquiae,
324 3094 512 3180 amplissimi
533 3096 639 3179 operis
656 3093 712 3158 ‘de
729 3093 812 3157 diis'
830 3096 1004 3179 conscripti
1019 3094 1202 3178 fragmenta
1218 3101 1302 3173 sunt,
1325 3092 1410 3176 quod
1429 3089 1533 3154 libros

132 3199 300 3261 minimum
324 3199 528 3282 undeviginti
552 3197 619 3282 (vel
642 3199 748 3282 potius
769 3197 898 3284 viginti)
920 3198 1126 3283 complexum
1150 3219 1220 3260 esse
1244 3218 1261 3259 e
1281 3194 1441 3259 Macrobii
1462 3195 1531 3259 Sat.

31 3347 32 3350 ,
132 3301 261 3383 ΙΙΙ,4,6
274 3303 479 3388 intellegitur,
500 3303 556 3367 ubi
568 3303 650 3368 liber
662 3307 774 3368 ‘nonus
787 3303 941 3367 decimus'
953 3311 1230 3367 commemoratur.
1253 3301 1310 3365 sed
1318 3310 1367 3364 tot
1376 3299 1533 3364 librorum

134 3428 175 3469 ne
191 3405 373 3490 fragmenta
393 3408 523 3492 quidem
542 3408 687 3489 totidem,
714 3408 830 3493 quibus
851 3408 970 3472 diserte
994 3408 1134 3472 auctoris
1153 3429 1270 3471 nomen
1293 3406 1458 3469 adiectum
1475 3413 1535 3486 est,

31 3597 32 3600 Ἴ
134 3518 276 3575 nostram
300 3521 440 3575 aetatem
465 3512 616 3576 tulerunt.
656 3522 785 3577 servata
806 3515 891 3577 enim
911 3513 1004 3576 nohis
1024 3535 1089 3576 non
1113 3512 1185 3597 plus
1210 3511 1323 3575 decem
1349 3520 1423 3574 sunt
1446 3510 1535 3593 apud

135 3613 317 3679 Arnobium
338 3616 423 3680 ‘adv
447 3617 524 3680 nat!
545 3616 564 3680 l.
583 3615 643 3681 III.
673 3616 877 3681 Macrobium
907 3616 1056 3680 Servium
1087 3618 1228 3682 Nonium
1257 3613 1407 3680 Gellium.
1451 3617 1537 3677 inter

30 3735 31 3756 ¹
136 3741 218 3804 quae
247 3729 397 3803 quattuor
425 3729 551 3784 tantum
579 3731 662 3804 sunt,
689 3721 745 3786 ubi
773 3718 847 3785 libri
869 3722 1035 3806 Nigidiani
1060 3743 1212 3785 numerus
1240 3718 1335 3782 simul
1360 3719 1536 3800 indicatur,

30 3917 31 3920 Ἴ
136 3824 180 3887 ita
193 3831 228 3887 ut
240 3823 281 3887 de
294 3823 405 3887 ordine
419 3825 653 3910 disputationis,
671 3843 767 3910 quem
778 3825 929 3910 Nigidius
941 3829 974 3889 in
985 3826 1046 3890 hoc
1059 3847 1156 3910 opere
1169 3822 1391 3908 componendo
1403 3829 1539 3885 secutus

242 3999 262 4064 ¹)
277 4000 436 4066 Roehrigius
448 4019 472 4067 p.
485 4004 516 4050 41
530 4017 636 4068 prorsus
648 4004 677 4052 in
687 4003 802 4053 Useneri
811 4004 972 4053 sententiam
983 4003 1049 4052 abiit
1060 4007 1209 4052 nontamen
1219 4015 1277 4050 eam
1287 3999 1452 4065 argumentis
1466 4014 1538 4047 eom-

31 4085 32 4088 ’
136 4087 265 4152 probavit.
289 4103 350 4136 nam
360 4103 430 4152 quas
439 4089 559 4152 protulit,
569 4095 786 4154 argumentorum
797 4093 905 4140 nomine
915 4092 1023 4139 omnino
1033 4089 1145 4154 indigna
1157 4094 1225 4138 sunt.
1251 4088 1317 4136 dicit
1327 4088 1398 4136 enim
1407 4086 1541 4150 temporis

30 4195 32 4248 ζ
136 4176 266 4222 rationem
284 4175 316 4223 ad
329 4174 466 4239 Nigidium
486 4178 585 4240 optime
603 4177 745 4241 quadrare3
767 4183 794 4226 et
811 4178 961 4227 confirmari
979 4178 1050 4227 hanc
1071 4179 1251 4226 coniecturam
1269 4189 1314 4235 eo,
1336 4171 1407 4238 quod
1424 4172 1540 4222 Verrius

30 4253 32 4318 f
137 4260 250 4311 Flaccus
264 4289 294 4298 -
310 4276 389 4327 quem
402 4261 502 4326 Nigidii
515 4263 662 4313 doctrinam
676 4265 708 4314 ad
721 4267 922 4329 grammaticam
935 4271 962 4314 et
975 4265 1189 4329 orthographiam
1209 4267 1374 4328 spectantem
1392 4275 1446 4308 non
1466 4274 1541 4324 spre-

30 4343 32 4406 )
137 4351 206 4398 visse
219 4348 379 4412 Roehrigius
392 4348 521 4410 adfirmat,
539 4351 565 4399 id
579 4352 649 4416 quod
661 4367 715 4401 non
728 4367 834 4416 prorsus
846 4366 939 4400 verum
953 4366 1010 4400 esse
1023 4351 1138 4399 vidimus
1154 4377 1186 4386 —
1205 4350 1288 4415 apicis
1301 4364 1379 4397 usum
1391 4348 1421 4395 11
1433 4345 1537 4396 litteris

138 4435 264 4484 Romanis
277 4435 457 4501 divulgaverit
476 4436 519 4500 (cf.
531 4437 681 4502 Sohadyum
696 4439 745 4487 ‘De
754 4439 821 4487 Mar.
832 4438 941 4487 Victor.'
953 4455 977 4502 p.
988 4436 1041 4501 47).

30 4549 32 4586 ,=
160 4577 166 4599 ,
243 4521 263 4584 ²)
278 4520 316 4571 cf.
328 4523 498 4572 Brambachii
515 4523 612 4574 librum
625 4523 850 4590 ‘Neugestaltung
867 4525 914 4573 der
930 4524 976 4574 lat.
991 4523 1123 4589 Orthogr.'
1137 4538 1163 4588 p.
1173 4525 1219 4586 243
1232 4521 1315 4572 CIL.
1328 4521 1350 4583 I,
1359 4521 1422 4569 626:
1439 4494 1540 4570 Dlvo

30 4603 32 4654 s
137 4608 236 4658 IVLIO
250 4614 277 4659 et
288 4609 350 4658 ibid.
362 4611 426 4672 4853
440 4613 497 4660 492.
