3225 5092
1480 260 1522 323 39

11 513 16 532 1
123 437 195 501 Iam
211 459 287 501 vero
304 438 345 502 de
357 437 507 525 Ampelio
523 439 683 526 quaedam
697 439 775 504 mihi
791 442 973 506 enarranda
989 453 1072 508 sunt.
1101 444 1224 511 collatis
1236 448 1322 513 enim
1333 449 1523 534 fragmentis

11 608 12 615 ¹
124 542 307 628 Nigidianis
322 545 356 606 in
371 542 500 608 scholiis
513 543 706 609 Arateorum
722 543 908 610 Germanici
924 550 1061 611 servatis
1076 552 1199 634 primus
1214 551 1433 618 Woelfflinius
1445 554 1523 642 (‘De

8 661 10 674 '
124 646 165 711 L.
182 647 324 734 Ampelii
346 647 428 712 libro
451 648 636 714 memoriali'
659 645 832 734 Gottingae
857 673 885 714 a.
905 650 1172 739 MDOOOLHH)
1194 667 1292 741 eaput
1310 656 1354 721 ΙΙ.
1372 658 1423 722 ‘de
1447 659 1522 724 duo-

8 749 10 760 ’
126 750 234 816 decim
254 751 364 836 signis'
387 774 404 815 e
423 751 554 837 Nigidio
574 752 727 817 haustum
748 775 818 817 esse
838 757 1014 840 perspexit.
1047 766 1080 822 et
1099 756 1160 822 hoc
1177 758 1317 846 Ampelii
1337 771 1436 848 caput
1458 787 1522 828 non

124 879 168 921 ex
192 856 330 920 diversis
352 857 538 921 auctoribus
560 857 735 924 conflatum
756 859 809 922 vel
829 881 872 922 ex
888 859 1016 925 scholiis
1033 858 1230 948 Germanici,
1254 885 1338 950 quae
1360 865 1521 949 dicuntur,

12 1038 15 1041 χ
123 960 291 1043 haustum,
317 961 374 1025 sed
394 971 496 1025 totum
516 961 558 1025 ad
577 961 745 1045 Nigidium
764 963 972 1027 referendum
994 985 1065 1028 esse
1090 966 1144 1047 ita,
1163 974 1201 1030 ut
1221 989 1263 1030 ex
1284 990 1321 1032 66
1340 968 1523 1054 fragmenta

14 1077 19 1120 Γ
123 1068 237 1150 augeri
256 1065 394 1151 possint,
414 1074 486 1149 post
501 1063 737 1131 Woelfflinium
757 1067 904 1151 inprimis
923 1068 1143 1134 Buechelerus
1163 1069 1247 1135 Mus.
1264 1070 1366 1136 Rhen.
1385 1082 1407 1137 t.
1426 1074 1520 1139 XIII.

123 1192 155 1255 p.
171 1169 232 1233 179
249 1192 317 1255 sqq.
333 1168 564 1254 comprobavit.
595 1190 700 1254 neque
716 1171 784 1234 eius
800 1173 960 1235 sententia
973 1172 1025 1248 iis,
1044 1194 1127 1258 quae
1149 1183 1261 1240 contra
1276 1197 1347 1242 eam
1363 1177 1522 1242 Maassius

124 1277 158 1337 in
174 1273 271 1339 Anal.
284 1273 447 1339 Eratosth.
460 1295 492 1358 p.
507 1273 547 1336 79
563 1273 705 1358 protulit,
723 1296 760 1339 66
775 1276 928 1340 nimirum
944 1276 1078 1341 oonsilio
1095 1277 1221 1363 ductus,
1238 1301 1279 1343 ne
1293 1281 1358 1344 iam
1374 1280 1523 1373 Nigidius

22 1448 24 1452 ,
122 1378 180 1443 tali
203 1378 329 1463 sylloge
352 1379 664 1464 ‘catasterismorum’
694 1401 770 1444 usus
793 1401 864 1444 esse
887 1380 1067 1464 videretur,
1091 1381 1219 1467 qualem
1242 1384 1285 1449 ab
1308 1385 1522 1451 Eratosthene

11 1511 16 1554 e
122 1485 335 1568 compositam
356 1505 425 1548 esse
441 1483 601 1548 Maassius
622 1486 764 1568 negavit,
784 1483 978 1550 labefactari
1000 1496 1032 1557 61
1051 1487 1204 1571 redargui
1226 1490 1372 1575 potest.¹)
1403 1494 1523 1556 etenim

16 1603 17 1610 ’
122 1590 265 1672 primum
277 1587 447 1672 Ampelius
469 1588 669 1674 plerumque,
690 1587 747 1653 ubi
761 1589 871 1674 plures
887 1589 1010 1674 profert
1025 1591 1109 1675 signi
1124 1592 1258 1657 alicuius
1275 1595 1519 1680 explicationes,

11 1699 12 1702 ’
122 1715 195 1756 eam
216 1694 354 1779 primam
374 1694 477 1778 ponit,
502 1714 599 1778 quam
618 1693 769 1777 Nigidius
792 1703 874 1758 teste
899 1694 1070 1759 scholiasta
1093 1696 1298 1780 probaverat.
1333 1698 1391 1763 ubi
1414 1709 1522 1765 autem

121 1797 157 1861 id
172 1798 243 1861 fieri
259 1820 323 1861 non
338 1797 477 1882 videtur,
498 1799 598 1863 veluti
614 1802 642 1880 ξ.
660 1799 713 1862 11:
736 1799 919 1884 ‘Aquarius
941 1802 995 1884 qui
1015 1808 1148 1885 putatur
1163 1800 1384 1888 Ganymedes,
1404 1804 1522 1869 dicitur

12 1894 14 1897 ’
121 1902 325 1985 Deucalion',
346 1903 379 1965 in
400 1902 520 1966 scholio
536 1924 567 1986 p.
581 1902 632 1986 85,
652 1902 691 1966 13
710 1902 799 1968 illam
820 1902 1079 1989 explicationem,
1100 1926 1196 1990 quam
1212 1905 1381 1992 Ampelius
1402 1930 1466 1973 non
1485 1919 1521 1975 ut

121 2008 165 2074 ab
186 2015 318 2071 auctore
339 2028 395 2070 suo
415 2006 585 2093 probatam
607 2017 853 2092 commemorat,
876 2008 948 2073 ideo
968 2017 1094 2073 tantum
1114 2011 1264 2075 omissam
1284 2033 1355 2076 esse
1375 2012 1521 2098 adparet,

24 2128 28 2134 ’
122 2111 211 2198 quod
226 2111 322 2176 modo
337 2133 369 2197 p.
383 2109 435 2195 85,
452 2111 471 2174 8
484 2132 553 2196 sqq.
566 2134 608 2174 ex
624 2111 685 2176 alio
701 2111 800 2193 fonte,
818 2112 872 2196 qui
888 2121 938 2178 est
951 2111 1183 2177 Eratosthenes
1198 2113 1253 2197 (ef.
1266 2113 1444 2181 Robertum
1459 2115 1479 2180 l.
1492 2139 1519 2180 c.

122 2240 154 2302 p.
167 2215 255 2300 144),
269 2224 398 2280 narrata
411 2225 489 2297 erat,
503 2215 776 2301 quemadmodum
786 2215 958 2281 scholiasta
966 2239 997 2303 p.
1008 2216 1059 2299 81,
1071 2216 1099 2299 1,
1110 2240 1184 2283 611111
1195 2205 1340 2282 fabulam
1348 2219 1390 2283 de
1398 2219 1521 2284 Phrixo

123 2330 157 2384 61
172 2319 276 2400 Helle,
298 2321 361 2383 iam
385 2343 417 2406 p.
432 2319 483 2404 79,
502 2318 640 2401 18-80,
658 2320 675 2382 7
696 2328 872 2402 narratam,
892 2322 1009 2384 iterum
1028 2320 1175 2406 proferre
1195 2320 1302 2404 nollet,
1323 2323 1364 2386 de
1379 2323 1520 2407 Nigidio,

120 2434 294 2510 postquam
306 2427 469 2510 propriam
482 2425 550 2489 eius
563 2424 812 2511 explicationem
823 2424 956 2506 rettulit,
973 2423 1148 2490 adnotasse
1159 2427 1236 2489 satis
1248 2426 1375 2491 hahuit:
1392 2428 1520 2509 ‘cetera

120 2540 157 2594 ut
174 2531 323 2614 superius
339 2531 461 2614 scripta
473 2538 557 2612 sunt,
573 2529 694 2594 refert’.
723 2530 851 2612 deinde,
867 2529 924 2594 ubi
935 2551 1001 2594 una
1012 2537 1140 2595 tantum
1153 2532 1236 2615 signi
1249 2530 1421 2617 explicatio
1433 2532 1520 2617 apud

26 2624 28 2626 ⁵
120 2631 309 2719 Ampelium
332 2632 463 2717 legitur,
492 2633 608 2698 eadem
632 2644 693 2717 est,
726 2656 824 2719 quam
852 2632 1024 2699 scholiasta
1047 2655 1064 2697 6
1086 2633 1218 2718 Nigidio
1240 2634 1355 2700 adfert.
1393 2635 1522 2700 accedit

120 2739 349 2822 gravissimum
364 2746 600 2823 argumentum,
618 2741 709 2803 cuius
725 2740 792 2803 vim
808 2738 928 2804 frustra
943 2737 1104 2802 Maassius
1119 2738 1296 2823 infringere
1313 2749 1446 2803 conatus
1463 2748 1520 2820 661,

120 2841 155 2905 id
172 2842 255 2924 dico,
277 2842 363 2926 quod
379 2841 559 2927 Ampelius,
580 2864 775 2928 quamquam
792 2840 919 2926 singula
933 2843 967 2906 in
983 2842 1115 2907 brevius
1132 2844 1296 2908 contraxit
1311 2852 1408 2929 atque
1424 2844 1521 2907 etiem

121 2947 264 3010 Aristaei
281 2944 435 3031 fabulam,
457 2967 541 3030 quae
562 2946 660 3011 schol.
674 2969 706 3032 p.
720 2947 771 3031 86,
785 2947 804 3009 3
822 2969 839 3010 6
854 2945 985 3031 Nigidio
1001 2946 1175 3031 profertur,
1192 2948 1307 3027 omisit,
1327 2955 1436 3011 tamen
1456 2969 1520 3010 non

121 3050 225 3114 solum
256 3049 434 3135 pleniorem
466 3050 629 3114 interdum
660 3050 793 3116 exhibet
822 3052 1070 3133 enarrationem,
1101 3050 1203 3115 veluti
1233 3050 1274 3114 de
1297 3050 1445 3134 Virgine,
1480 3050 1521 3114 de

120 3154 305 3239 Sagittario,
327 3154 385 3218 sed
406 3155 502 3218 etiam
519 3154 559 3218 de
575 3154 696 3219 Librae
717 3156 809 3239 signo
825 3153 969 3219 fabulam
984 3163 1095 3219 narrat
1113 3177 1274 3240 nusquam
1288 3154 1363 3219 alibi
1381 3153 1520 3236 obviam,

120 3280 220 3345 quam
243 3282 300 3323 eur
325 3258 497 3323 scholiasta
516 3281 580 3323 non
600 3259 769 3344 praebeat,
795 3281 926 3323 causam
946 3261 979 3323 in
999 3281 1037 3323 eo
1057 3281 1128 3323 esse
1148 3261 1286 3344 positam
1300 3257 1521 3322 Buechelerus

23 3384 26 3389 ’
120 3363 140 3426 l.
162 3385 189 3427 c.
207 3386 239 3449 p.
263 3363 325 3427 180
348 3360 516 3446 intellexit,
541 3363 628 3448 quod
651 3365 720 3448 ipse
743 3372 848 3450 poeta,
877 3385 973 3448 quem
997 3366 1025 3426 is
1047 3365 1287 3449 interpretatur,
1309 3362 1371 3426 hoo
1395 3365 1521 3446 signum

122 3476 250 3532 tantum
260 3490 323 3531 non
333 3467 487 3552 neglexit.
504 3468 590 3554 quod
603 3477 711 3531 autem
720 3467 880 3532 Maassius
891 3465 925 3531 id
937 3477 1025 3532 tanto
1039 3489 1136 3553 opere
1147 3469 1275 3552 premit,
1289 3466 1374 3552 quod
1386 3465 1521 3531 aliorum

120 3574 315 3637 testimoniis
337 3574 368 3635 in
390 3571 517 3636 scholiis
538 3573 666 3658 saepius
685 3571 835 3654 Nigidius
857 3580 1037 3657 opponatur
1064 3571 1179 3657 (veluti
1199 3594 1230 3656 p.
1247 3571 1299 3652 66,
1316 3570 1337 3634 5
1353 3573 1446 3651 ί611111,
1468 3573 1522 3657 qui

121 3675 214 3740 aliter
229 3677 428 3758 memorent',
449 3699 479 3761 p.
498 3675 549 3757 90,
569 3673 608 3739 15
630 3675 694 3740 ‘alii
707 3727 713 3740 .
727 3675 949 3759 ..dixerunt'),
971 3678 1073 3759 quasi,
1094 3678 1120 3738 si
1141 3674 1206 3739 ulla
1231 3673 1422 3738 scholiastae
1441 3674 1522 3738 fides

36 3808 40 3820 ¹
121 3791 208 3844 esset
224 3779 385 3863 habenda,
402 3779 551 3863 Nigidius
566 3802 630 3844 non
644 3802 683 3844 ea
695 3781 802 3844 omnia
813 3801 963 3844 narrasse
975 3788 1092 3866 posset,
1109 3779 1151 3843 ob
1164 3778 1249 3844 hanc
1264 3779 1367 3864 ipsam
1380 3801 1521 3860 causam,

124 3884 213 3970 quod
230 3884 344 3949 eodem
359 3884 455 3949 modo
467 3883 637 3969 Ampelius
650 3885 756 3948 varias
773 3885 934 3948 variorum
947 3885 1147 3948 narrationes
1159 3885 1242 3948 inter
1254 3905 1289 3946 sc
1304 3884 1444 3968 opponit,
1460 3884 1524 3947 iam

120 3987 290 4072 Nigidium
310 3989 344 4052 id
367 3988 485 4052 fecisse
501 3991 683 4052 necessario
699 3988 960 4053 concludendum
978 4009 1049 4052 esse
1064 3988 1117 4052 vel
1134 4009 1175 4052 ex
1192 4009 1239 4070 eo,
1260 3986 1347 4073 quod
1361 3986 1523 4051 Robertus

42 4165 44 4170 ,
119 4116 152 4179 p.
171 4093 208 4156 17
235 4095 507 4179 commemoravit,
529 4093 716 4177 intellegere
736 4094 848 4179 potuit.
880 4102 1048 4178 postquam
1070 4093 1155 4156 enim
1176 4114 1195 4155 a
1215 4088 1388 4155 scholiasta
1401 4090 1524 4174 Nigidii

41 4225 42 4228 ¹
121 4198 164 4262 de
188 4196 285 4263 Croto
314 4199 475 4262 sententia
503 4198 648 4262 breviter
674 4197 819 4262 indicata
846 4206 894 4261 est
921 4219 952 4282 p.
978 4196 1029 4274 90,
1053 4195 1189 4277 10-15,
1218 4195 1391 4260 adnotatur
1417 4217 1449 4278 p.
1470 4193 1522 4276 90,

51 4379 52 4384 ¹
123 4301 261 4383 15-91,
283 4303 299 4365 1
325 4301 404 4366 alios
425 4301 635 4386 Sagittarium
658 4324 716 4387 pro
737 4300 878 4368 Ohirone
901 4301 1035 4383 habere,
1062 4320 1258 4385 quamquam
1278 4298 1373 4385 paulo
1394 4308 1470 4364 ante
1490 4301 1523 4361 in

122 4505 331 4514 ——-.--—

232 4633 249 4700 ¹)
262 4635 332 4686 Idem
347 4635 522 4702 Roehrigium
534 4636 551 4686 l.
560 4651 583 4686 c.
594 4653 619 4702 p.
631 4637 663 4685 33
674 4651 712 4700 sq.
726 4637 826 4686 sentire
838 4635 924 4686 video.
