3225 5092
1462 241 1506 307 43

108 444 187 486 sane
210 421 406 487 contendere
430 425 516 508 licet,
541 425 628 489 solae
652 425 894 492 observationes
918 428 959 492 de
982 430 1081 512 signis
1103 434 1304 516 tempestatis
1326 435 1504 516 restabant,
1607 464 1608 497 2

107 548 193 612 quae
213 526 365 611 leguntur
388 551 419 612 p.
444 529 493 612 19,
516 523 647 615 16-p‘.
668 529 720 612 20,
742 530 770 593 7.
810 552 890 616 quas
913 555 932 596 a
954 532 1085 617 Nigidio
1107 535 1270 620 profectas
1297 559 1368 602 esse
1396 540 1506 604 statuit

106 629 153 717 (p.
171 630 335 719 XXIIII).
372 655 435 717 quo
455 633 542 698 sacto
560 637 625 699 iam
644 657 708 699 non
728 633 851 718 babuit,
873 658 957 722 quae
975 637 1114 719 Varroni
1133 639 1329 723 adsignarct.
1362 652 1506 707 ceterum

105 736 189 800 baec
214 740 417 821 coniectura,
442 741 568 804 etiamsi
591 749 657 804 tam
681 751 770 805 certa
794 751 892 827 esset,
921 765 1018 828 quam
1041 747 1197 809 incertam
1220 767 1290 808 esse
1312 745 1505 830 Roehrigius
1559 754 1562 765 ¹
1594 750 1608 825 fl

106 863 234 926 quoque
250 842 270 907 l.
285 862 312 908 c.
326 865 356 928 p.
370 843 411 906 26
428 865 474 928 sq.
487 844 655 922 intellexit,
673 846 820 929 profecto
834 869 899 910 non
915 847 957 911 ad
973 847 1034 912 boc
1049 847 1277 932 astrologicum
1288 850 1409 932 Nigidii
1425 873 1505 935 opus
1607 938 1608 949 ἵ

104 950 255 1034 pertinet,
277 948 319 1012 ad
341 949 431 1012 cuius
452 949 635 1033 fragmenta
657 973 698 1013 ex
719 951 767 1014 bis
789 952 949 1035 capitibus
968 951 1127 1036 Lydianis
1146 975 1232 1017 nova
1250 954 1421 1040 adquirere
1439 978 1506 1025 non
1570 979 1573 987 ·
1607 990 1608 997 1

104 1074 287 1137 possumus.

209 1157 255 1220 At
276 1159 415 1242 vestigia
438 1161 671 1224 astronomicae
700 1160 866 1224 doctrinae
889 1161 1083 1244 Nigidianae
1112 1171 1241 1226 servata
1267 1161 1360 1227 nobis
1389 1173 1505 1228 sunta

103 1260 209 1326 Plinio
221 1261 262 1326 N.
276 1261 317 1325 H.
327 1262 386 1343 VI,
403 1262 585 1327 211-218.
614 1263 706 1329 addit
722 1267 806 1328 enim
818 1264 941 1329 Plinius
957 1265 1017 1331 sub
1033 1267 1130 1330 finem
1145 1267 1239 1330 buius
1255 1266 1338 1349 libri,
1355 1277 1389 1332 ut
1404 1270 1504 1356 ipsius
1598 1298 1601 1355 3

103 1377 177 1430 utar
188 1365 310 1449 verbis,
324 1369 432 1432 ‘etiam
438 1390 536 1432 unam
545 1366 693 1432 Graecae
706 1371 900 1433 inventionis
913 1371 1080 1435 scientiam
1089 1371 1141 1434 vel
1151 1373 1421 1457 exquisitissimae
1431 1373 1504 1437 sub·
1605 1358 1608 1413 ’Ῠ

102 1472 241 1550 tilitatis,
267 1481 303 1536 ut
325 1471 404 1536 nibil
428 1472 511 1535 desit
533 1473 566 1535 in
590 1474 767 1558 spectando
792 1484 952 1538 terrarum
982 1477 1045 1539 situ
1077 1475 1290 1562 indicatisque
1317 1477 1503 1559 regionibus
1607 1502 1608 1509 ¹

102 1586 269 1658 noscatur,
299 1585 331 1640 et
358 1599 431 1640 cum
461 1598 524 1662 qua
553 1579 670 1662 cuique
694 1600 805 1642 earum
830 1581 965 1642 societas
990 1580 1030 1642 sit
1053 1582 1121 1643 sive
1145 1583 1293 1664 cognatio
1317 1574 1443 1648 dierum
1465 1605 1504 1646 ac

102 1683 259 1763 noctium,
280 1678 463 1766 quibusque
482 1684 566 1745 inter
590 1703 623 1744 se
645 1705 741 1766 pares
761 1683 898 1747 umbrae
922 1693 954 1746 et
973 1706 1079 1769 aequa
1098 1684 1210 1748 mundi
1232 1686 1440 1750 convexitas'.
1470 1689 1504 1750 in

102 1785 164 1850 bac
180 1787 279 1870 igitur
295 1786 336 1850 de
349 1785 540 1870 climatibus,
558 1809 642 1871 quae
655 1786 816 1867 dicuntur,
833 1787 1058 1872 disputatione,
1083 1789 1116 1852 in
1136 1811 1200 1873 qua
1218 1793 1382 1875 ceteroqui
1399 1789 1503 1854 nullus
1598 1774 1608 1855 ’ἦ

101 1900 216 1956 auctor
236 1900 520 1974 commemoratur,
542 1913 565 1953 s.
580 1889 642 1954 217
659 1892 692 1954 in
710 1891 892 1956 enarranda
907 1902 1001 1955 sexta
1018 1892 1312 1977 ‘comprehensione
1318 1945 1326 1977 ,
1348 1916 1411 1979 qua
1432 1917 1504 1958 con·
1600 1898 1608 1931 '³

101 1999 223 2060 tinetur
235 1993 314 2058 urbs
326 1994 448 2071 Roma',
461 1994 615 2078 leguntur
625 1994 720 2059 baec:
735 1995 931 2079 ‘longissima
942 1998 1048 2082 spatia
1060 1990 1211 2062 horarum
1222 1998 1504 2082 aequinoctialium
1583 2047 1586 2059 ,
1598 2012 1608 2085 ,1

101 2101 168 2164 XV
185 2098 298 2163 addita
318 2097 417 2163 VIIII
433 2107 524 2183 parte
545 2101 639 2163 unius
659 2099 771 2184 borae,
792 2109 861 2176 aut,
883 2108 919 2164 ut
937 2100 1093 2184 Nigidio
1121 2101 1254 2187 placuit,
1276 2102 1407 2185 quinta!
1442 2102 1524 2189 boc,
1579 2132 1582 2139 ·

101 2206 172 2271 loco
182 2206 273 2268 nisus
285 2205 450 2268 Brunnius
463 2203 515 2267 De
534 2214 700 2269 auctorum
718 2205 850 2269 indicib.
865 2205 946 2270 Plin.
959 2228 991 2290 p.
1004 2204 1056 2289 52,
1071 2228 1144 2271 cum
1157 2206 1259 2270 verba
1271 2229 1295 2270 s.
1308 2206 1386 2270 212:
1401 2206 1504 2291 ‘plura

102 2318 177 2374 sunt
197 2318 307 2372 autem
328 2305 496 2391 segmenta
517 2307 640 2388 mundi,
665 2330 747 2394 quae
763 2311 864 2372 nostri
881 2309 1017 2374 circulos
1034 2309 1251 2394 adpellavere,
1269 2308 1386 2374 Graeci
1402 2310 1504 2395 paral·

100 2415 190 2480 lelos'
208 2412 331 2476 indicio
348 2434 419 2475 esse
434 2411 646 2476 intellexisset
663 2413 836 2477 ‘Graecam
852 2413 941 2477 illam
956 2416 1174 2478 inventionem
1190 2417 1254 2479 iam
1272 2424 1347 2478 ante
1363 2414 1504 2478 Plinium
1607 2458 1608 2489 3

100 2520 284 2584 aRomano
306 2514 413 2601 aliquo
436 2519 593 2601 scriptore
616 2517 715 2581 fuisse
735 2519 976 2603 pertractatam’
998 2540 1104 2604 neque
1126 2521 1215 2583 casui
1234 2518 1315 2582 illud
1335 2519 1501 2601 tribueret,

101 2623 187 2709 quod
205 2625 239 2686 in
255 2630 425 2686 auctorum
439 2621 534 2685 buius
550 2621 624 2686 libri
640 2623 747 2688 indice
763 2623 893 2706 ultimus
902 2624 1122 2687 Romanorum
1138 2623 1269 2687 additus
1284 2633 1333 2687 est
1343 2623 1502 2707 Nigidius,
1607 2614 1608 2659 3

99 2729 251 2804 Plinium,
270 2749 352 2813 quae
366 2727 407 2791 de
420 2729 593 2811 segmentis
605 2727 718 2791 mundi
731 2727 840 2811 tradit,
857 2727 1016 2812 eNigidio
1030 2728 1247 2812 desumpsisse
1260 2731 1379 2809 statuit,
1396 2750 1503 2813 quem,
1601 2734 1608 2801 ’ᾖ

101 2835 265 2918 cumipse
286 2833 320 2894 in
340 2830 470 2915 reliquis
491 2840 640 2895 auctores
663 2841 854 2917 sequeretur
873 2830 1026 2914 Graecos,
1050 2841 1159 2896 tamen
1180 2835 1213 2897 in
1237 2842 1330 2897 sexta
1351 2835 1503 2916 ‘compre-

100 2937 265 3002 hensione’
284 2935 484 3001 Graecorum
505 2938 646 3000 rationes
663 2938 727 3001 suis
741 2937 854 3001 studiis
875 2936 1050 3001 emendare
1065 2960 1129 3002 non
1143 2938 1336 3022 neglexisse.
1368 2939 1504 3002 Brunnii
1605 2942 1608 3021 ζ

100 3043 293 3107 sententiam
318 3061 377 3124 ego
399 3041 530 3125 quidem
549 3041 752 3126 probandam
774 3064 905 3124 censeo,
931 3062 1128 3128 quamquam
1147 3041 1342 3127 Roebrigius
1363 3042 1382 3105 l.
1396 3065 1423 3106 c.
1437 3042 1501 3127 pa
1607 3054 1608 3119 j

99 3148 185 3213 banc
206 3147 326 3212 obiecit
342 3143 590 3210 dubitationem:
612 3147 728 3210 ‘nonne
750 3145 873 3210 Plinius
889 3145 1012 3230 Nigidii
1034 3148 1306 3231 computationem
1325 3146 1504 3230 longissimi
1607 3166 1608 3169 ’

99 3253 224 3317 Romae
246 3250 312 3314 diei
332 3248 461 3314 aliunde
483 3253 565 3314 scire
586 3260 617 3314 et
634 3251 844 3335 disputationi
866 3273 944 3315 suae
963 3253 1106 3315 inserere
1126 3251 1229 3335 potuit
1237 3250 1264 3312 l’
1299 3260 1331 3313 et
1349 3250 1504 3315 llluellen-
1607 3280 1608 3331 3

99 3356 219 3420 hosfius
235 3353 359 3419 ‘Ueber
373 3354 425 3418 die
438 3355 622 3420 Weltkarte
634 3355 702 3420 und
715 3354 957 3441 Oborograpbie
971 3355 1028 3419 des
1040 3355 1175 3418 Kaisers
1187 3354 1364 3438 Augustus'
1377 3355 1502 3418 Kieliae
1607 3404 1608 3433 ,

99 3486 127 3524 a.
141 3457 389 3541 MDOOOLVI,
406 3482 437 3544 p.
451 3457 495 3522 54
509 3460 606 3524 Plinii
626 3461 659 3524 in
674 3459 724 3524 bis
741 3459 938 3524 sectionibus
954 3469 1118 3523 auctorem
1139 3460 1329 3544 primarium
1343 3458 1504 3524 Isidorum
1575 3512 1577 3515 .
1607 3470 1608 3533 ἶ

101 3565 330 3630 Characenum
346 3562 445 3627 fuisse
461 3566 645 3649 suspicatus
660 3567 763 3648 magis
780 3574 830 3628 est
846 3585 942 3650 quam
959 3565 1158 3647 argumentis
1176 3562 1408 3648 comprobavit.
1430 3585 1505 3627 nam
1607 3552 1608 3591 ³

100 3678 336 3754 argumentum,
358 3667 444 3754 quod
461 3690 478 3732 e
495 3691 519 3732 s.
532 3669 598 3733 220
613 3671 715 3754 petiit,
736 3672 864 3733 omnino
880 3690 945 3732 non
964 3677 1075 3732 eontra
1091 3690 1197 3732 meam
1211 3671 1403 3732 sententiam
1415 3668 1503 3750 facit,
1607 3698 1608 3761 p

100 3796 175 3838 cum
190 3795 238 3850 ea,
257 3795 341 3858 quae
355 3771 476 3837 Plinius
493 3797 517 3837 s.
531 3772 595 3837 219
609 3795 655 3859 sq.
669 3774 799 3858 profert,
817 3795 859 3836 ex
875 3772 937 3836 alio
950 3782 1047 3858 atque
1062 3770 1290 3858 praecedentia
1301 3770 1389 3835 fonte
1402 3793 1503 3856 eoque
1607 3832 1608 3841 ,

99 3881 278 3942 recentiore
292 3877 407 3942 hausta
419 3900 490 3943 esse
504 3879 691 3961 concedam,
708 3880 783 3963 quia
797 3881 843 3942 ita
855 3887 981 3941 tantum
994 3899 1084 3940 error
1095 3876 1288 3962 explicatur,
1305 3897 1367 3961 quo
1379 3877 1503 3940 Plinius

99 3984 305 4068 sequentium
323 3980 594 4066 diligentissimos,
616 3983 702 4068 quod
723 3985 863 4068 supersit
883 3992 1043 4046 terrarum
1059 4004 1165 4067 supra,
1188 3980 1293 4045 tribus
1315 3980 1503 4064 adsignasse

99 4089 276 4172 segmentis
293 4086 490 4172 eosdemque
506 4090 603 4152 etiam
621 4097 695 4151 ante
711 4089 917 4173 principium,
936 4085 1022 4171 quod
1036 4089 1107 4170 ipsc
1124 4086 1248 4166 fecerit,
1270 4084 1408 4148 circulos
1424 4084 1504 4149 duos
1607 4092 1608 4163 i

98 4194 245 4278 posuisse
269 4191 362 4273 dicit,
387 4213 582 4276 quamquam
606 4191 638 4255 bi
663 4191 775 4255 circuli
797 4193 862 4256 iam
885 4189 1119 4274 antiquioribus
1142 4192 1209 4254 noti
1226 4198 1326 4254 erant.
1359 4199 1503 4253 ceterum
1607 4198 1608 4275 t

97 4298 247 4384 inprimis
270 4298 303 4358 in
325 4295 387 4360 bac
404 4305 495 4380 parte
511 4297 633 4360 Plinius
654 4319 723 4361 rem
743 4317 875 4382 prorsus
896 4294 1047 4359 turbavit.
1081 4294 1139 4358 sed
1163 4317 1205 4357 ss.
1223 4316 1322 4377 supra
1344 4293 1504 4357 indicatas
1607 4302 1608 4361 3

97 4399 271 4464 211-218
286 4422 328 4463 ex
340 4400 487 4464 Romano
502 4401 646 4486 pendere
663 4411 794 4465 auctore
810 4401 859 4465 bis
877 4422 1005 4486 quoque
1017 4401 1215 4483 argumentis
1229 4399 1412 4462 confirmari
1424 4398 1504 4462 mibi
1607 4408 1608 4419 ³

97 4507 238 4571 videtur.
269 4507 411 4591 primum
427 4504 530 4570 altera
547 4508 703 4569 correctio
720 4515 852 4589 praeter
866 4505 964 4587 illam,
986 4525 1069 4588 quae
1086 4502 1128 4568 ad
1144 4502 1365 4584 longissimum
1381 4503 1503 4567 Romae
1607 4560 1608 4565 ,

97 4611 188 4676 diem
199 4612 348 4695 pertinet,
364 4609 483 4694 legitur
496 4634 519 4674 s.
534 4609 597 4674 218
610 4608 665 4695 (de
682 4611 820 4694 septima
833 4607 1042 4693 ‘divisione'):
1060 4607 1224 4672 ‘umbilico
1236 4607 1370 4671 XXXV
1383 4607 1504 4692 pedum
1572 4691 1574 4695 ι
