3225 5092
128 203 168 268 10

127 405 232 460 aetate
248 419 313 461 non
329 407 502 481 usurpatur
512 399 572 461 nisi
589 397 629 461 de
641 397 851 462 rebus'saeris
863 401 993 484 propria
1004 399 1238 482 significatione
1250 410 1348 485 atque
1358 401 1516 481 absolute,

127 500 213 586 apud
229 511 401 584 argenteae
418 501 548 565 demum
568 505 681 565 aetatis
693 503 875 586 ,scriptores
895 505 1023 566 notione
1042 503 1214 567 inchoandi
1233 515 1366 591 recepta
1386 528 1518 569 accusa-

127 607 229 668 tivum
245 604 406 685 adsciscit,
428 607 468 671 cf.
482 606 608 688 Vell.2,
624 607 694 688 101,
712 607 732 670 3
748 609 855 692 ‘quem
870 607 1000 671 militiae
1021 608 1159 691 gradum
1180 618 1255 672 ante
1276 609 1334 673 sub
1351 620 1442 694 patre
1463 621 1518 675 tuo

64 781 65 784 Ἴ
129 762 135 772 .
154 765 160 774 .
179 712 406 794 auspicatus.
441 721 541 776 restat
560 721 595 775 ut
615 711 706 775 verbi
726 715 894 798 opperiri
913 713 1108 778 mentionem
1127 713 1254 795 faciam,
1276 715 1361 800 quod
1376 715 1518 779 Iustinus

128 814 241 878 eodem
261 815 355 878 modo
376 838 437 900 quo
454 815 552 900 Verg.
564 817 647 880 Aen.
667 817 694 898 1,
711 816 775 880 454
796 819 951 900 ‘reginam
971 818 1161 901 opperiens',
1183 818 1256 881 Liv.
1276 820 1303 899 1,
1321 818 1362 882 56
1384 821 1518 906 ‘opperi-

127 928 215 982 retur
231 928 375 1004 tempora
388 921 465 1003 sua',
481 919 559 985 Tac.
573 920 658 984 Anu.
674 920 777 1005 15,13
795 920 1021 985 ‘Corbulonem
1033 923 1255 1007 opperientes',
1273 923 1336 1008 alii,
1354 946 1427 987 cum
1440 947 1519 987 casu

128 1029 241 1108 (1111110
258 1025 453 1088 construxit:
477 1025 526 1107 12,
539 1024 569 1108 8,
584 1025 624 1089 10
640 1024 705 1089 ‘ubi
721 1048 795 1089 eum
810 1025 949 1090 hostium
964 1024 1018 1091 00
1034 1025 1121 1090 milia
1135 1026 1281 1111 peditum
1302 1037 1333 1090 et
1347 1029 1412 1091 XX
1431 1029 1520 1094 milia

118 1129 269 1213 ‘equitum
289 1129 548 1213 opperiebantur'
570 1129 627 1216 (ex
646 1130 878 1217 Havercampii
899 1131 964 1215 ci),
986 1130 1035 1212 12,
1056 1131 1140 1211 13,1
1163 1131 1349 1196 ‘adventum
1368 1135 1437 1197 eius
1457 1134 1519 1196 Ba-

128 1232 277 1317 byloniae
301 1234 459 1320 opperiri',
486 1235 534 1316 13,
553 1236 582 1319 6,
602 1234 642 1297 15
662 1233 828 1299 ‘Crateron
845 1243 878 1298 et
896 1234 1104 1320 Antipatrum
1127 1237 1267 1320 opperiri
1290 1236 1439 1301 iubetur’.
1476 1260 1520 1301 ex

128 1337 284 1401 Cicerone
301 1360 340 1400 ne
356 1361 456 1402 unum
472 1339 603 1425 quidem
618 1339 712 1403 huius
730 1349 910 1404 structurae
925 1339 1086 1425 prolatum
1102 1350 1151 1403 est
1166 1340 1359 1426 exemplum.

231 1442 301 1506 Iam
323 1465 400 1506 vero
423 1443 466 1506 ad
492 1467 585 1509 usum
609 1433 815 1508 transitivum
839 1467 950 1508 eorum
973 1443 1147 1508 verborum
1171 1445 1379 1528 accedamus,
1403 1447 1519 1531 quibus

129 1547 225 1610 animi
242 1546 372 1631 quidam
387 1549 533 1612 adfectus
554 1550 761 1633 significatur.
794 1573 833 1613 ac
852 1550 1007 1635 pleraque
1026 1550 1198 1614 verborum
1214 1550 1278 1614 huc
1293 1554 1519 1635 spectantium,

129 1671 212 1734 quae
231 1650 372 1715 Iustinus
394 1675 467 1716 cum
487 1657 672 1718 accusativo
693 1657 739 1718 rei
759 1657 948 1735 construxit,
969 1657 1033 1718 iam
1053 1654 1095 1718 ab
1116 1676 1234 1718 aureae
1249 1656 1369 1718 'aetatis
1388 1659 1521 1740 scripto-

128 1755 217 1820 ribus
240 1757 285 1818 ita
306 1758 560 1842 usurpabantur,
588 1760 677 1823 velut
695 1759 888 1843 ‘desperare’
909 1759 939 1841 5,
963 1759 994 1842 6,
1018 1759 1051 1839 8,
1078 1759 1129 1840 38,
1150 1759 1179 1842 9,
1199 1759 1221 1820 4
1247 1761 1432 1844 saepissime
1457 1760 1521 1823 ‘de-

129 1861 266 1944 speratis
286 1861 393 1925 101111
413 1862 444 1943 5,
462 1863 491 1943 6,
511 1863 545 1944 5,
567 1863 596 1945 8,
617 1865 643 1945 1,
662 1863 695 1943 8,
719 1863 768 1945 14,
787 1864 816 1944 3,
836 1863 890 1942 12,
911 1863 963 1945 23,
980 1863 1010 1943 2,
1027 1863 1058 1926 6.
1094 1861 1221 1927 ‘dolere’
1246 1865 1274 1944 1,
1291 1863 1320 1945 8,
1338 1864 1372 1945 9,
1393 1864 1423 1946 9,
1442 1865 1471 1946 7,
1484 1866 1519 1946 2,

131 1963 180 2044 12,
194 1964 224 2045 6,
239 1964 326 2050 1531)
344 1965 394 2047 24,
407 1966 437 2048 5,
456 1966 489 2046 8,
511 1967 563 2049 28,
575 1967 606 2049 4,
619 1968 653 2047 4,
675 1967 726 2049 32,
739 1968 769 2048 3,
782 1967 816 2049 2,
837 1968 889 2050 42,
901 1969 932 2052 4,
948 1968 995 2031 13.
1026 1968 1201 2050 ‘gratulari'
1222 1966 1252 2048 8,
1269 1967 1299 2050 3,
1317 1967 1347 2047 2,
1369 1967 1519 2033 ‘horrere'

129 2067 181 2150 28,
194 2067 223 2149 2,
239 2068 288 2153 12,
306 2070 435 2153 ‘lugere’
455 2070 503 2148 12,
520 2071 637 2153 12,12,
658 2071 706 2154 13,
722 2073 748 2152 1,
762 2073 796 2152 4,
814 2072 867 2156 28,
878 2071 941 2153 4,6
958 2071 1118 2157 (absolute
1134 2073 1273 2158 positum
1288 2081 1337 2135 est
1354 2071 1443 2153 18,7,
1455 2073 1520 2158 10),

130 2174 259 2268 ‘mirari'
280 2173 310 2255 5,
328 2174 358 2256 4,
376 2174 410 2256 9,
434 2175 482 2256 11,
502 2175 551 2258 13,
568 2175 598 2260 5,
621 2177 729 2260 ‘queri'
754 2176 781 2260 1,
802 2176 852 2257 10,
872 2176 925 2257 173
948 2174 1001 2263 18,
1017 2176 1045 2259 7,
1066 2175 1119 2257 16,
1140 2175 1192 2258 29,
1209 2175 1287 2256 2,1,
1308 2175 1359 2258 30,
1371 2176 1402 2260 3,
1415 2175 1445 2258 5,
1462 2177 1522 2240 scd

130 2277 159 2360 2,
173 2277 202 2361 8,
216 2275 249 2355 8,
267 2277 295 2358 9,
311 2278 338 2359 7,
353 2277 386 2369 8,
403 2279 454 2360 32,
468 2279 531 2361 2,3
551 2279 637 2344 idem
658 2280 794 2344 verbum
817 2303 890 2344 cum
910 2279 1052 2344 ablativo
1070 2281 1265 2344 construitur
1284 2282 1522 2365 praepositione

130 2381 190 2444 ‘de'
203 2383 359 2465 praefixa.
383 2393 511 2468 praeter
522 2384 604 2448 haec
616 2393 723 2450 autem
735 2384 837 2449 verba
849 2394 978 2448 exstant
992 2383 1154 2464 nonnulla,
1170 2384 1285 2468 quibus
1302 2407 1376 2449 cum
1390 2407 1522 2449 accusa-

130 2487 231 2549 tivum
242 2487 390 2570 adiungit
401 2488 552 2571 Iustinus,
570 2489 611 2554 ab
625 2492 817 2574 optimorum
830 2491 1022 2575 scriptorum
1038 2488 1167 2552 dicendi
1180 2487 1410 2553 consuetudine
1425 2489 1523 2573 longe

129 2590 284 2655 recedens
308 2593 360 2656 vel
383 2602 550 2679 poetarum
573 2593 735 2658 licentiam
755 2594 809 2658 vel
831 2602 1005 2677 argenteae
1027 2593 1079 2656 vel
1102 2590 1201 2656 multo
1224 2594 1382 2657 inferioris
1405 2596 1522 2679 aetatis

131 2697 321 2781 scriptorum
344 2700 487 2783 sequitur
511 2721 611 2764 usum.
651 2708 748 2784 atque
772 2721 846 2763 cum
868 2698 1056 2782 verborum,
1084 2719 1167 2784 quae
1191 2720 1289 2783 supra
1311 2697 1441 2780 collegi,
1468 2697 1523 2762 ob-

130 2802 249 2864 iectum
264 2801 455 2888 plerumque
470 2825 505 2866 re
519 2803 659 2888 quadam
675 2803 845 2885 efficiatur,
862 2826 909 2885 ea,
927 2825 1009 2888 quae
1022 2805 1086 2866 iam
1100 2801 1279 2866 adferenda
1291 2810 1374 2882 sunt,
1391 2823 1525 2866 0001111-

130 2907 233 2968 tivum
248 2928 404 2991 personae
420 2907 566 2991 plurimis
582 2907 713 2992 quidem
728 2909 806 2972 locis
828 2928 938 2971 secum
958 2909 1166 2990 coniungimt.
1199 2905 1263 2969 huc
1279 2907 1376 2989 igitur
1395 2915 1526 2990 spectat

129 3009 269 3094 primum
289 3033 446 3076 aversor
468 3011 517 3094 18,
530 3012 593 3094 4,9
611 3013 724 3076 ‘Elissa
745 3011 800 3075 diu
821 3011 955 3076 fratrem
970 3021 1101 3096 propter
1121 3010 1228 3074 scelus
1248 3009 1417 3093 aversata’,
1439 3031 1525 3095 quae

131 3122 292 3178 structura
306 3116 428 3180 Iustino
448 3119 625 3181 communis
646 3126 694 3181 est
715 3139 788 3181 cum
804 3116 921 3181 Ovidio
937 3115 1030 3202 (Met.
1045 3115 1074 3199 l,
1085 3115 1149 3178 478
1166 3114 1229 3179 ‘illa
1249 3123 1398 3178 aversata
1413 3123 1525 3198 peten-

129 3219 214 3304 101),
234 3220 329 3284 Livio
350 3219 395 3306 (8,
409 3221 438 3304 7,
454 3221 493 3285 14
510 3221 620 3286 ‘filium
640 3221 844 3306 aversatus’),
865 3219 975 3284 Curtio
995 3220 1040 3308 (4,
1058 3220 1087 3300 7,
1105 3219 1145 3284 31
1168 3215 1450 3283 ‘immortalitatem
1466 3218 1525 3281 ad-

130 3325 324 3388 sectantem.
340 3375 345 3388 .
361 3377 367 3388 .
381 3329 522 3389 aversati
538 3325 636 3411 111111)
652 3325 732 3390 aliis.
762 3327 1015 3390 contremisco
1031 3334 1138 3389 autem
1153 3345 1231 3386 num
1248 3344 1321 3386 cum
1336 3324 1526 3387 accusativo

131 3432 346 3494 construxerit
360 3430 511 3512 Iustinus,
532 3453 605 3494 oum
627 3430 818 3495 dubitationi
839 3429 1013 3493 obnoxium
1032 3431 1082 3513 sit,
1103 3426 1271 3491 videamus
1292 3435 1426 3512 oportet,
1448 3448 1526 3511 quo-

130 3534 226 3597 modo
241 3534 330 3597 locus
346 3536 400 3619 qui
416 3543 465 3597 est
479 3534 529 3614 32,
542 3534 573 3613 4,
589 3533 628 3596 10
643 3533 734 3599 libris
750 3533 904 3598 tradatur.
935 3542 1032 3619 atque
1048 3532 1214 3596 codicibus
1226 3530 1347 3594 Italicis
1363 3539 1395 3594 et
1407 3530 1527 3594 Trans—

132 3638 247 3724 alpinis
271 3647 303 3702 et
326 3637 435 3702 codice
458 3637 485 3701 P
508 3641 534 3701 is
556 3639 601 3701 ita
624 3637 809 3702 exhibetur:
837 3637 1064 3702 ‘Hannibalem
1087 3645 1253 3717 nec‘tum,
1281 3657 1355 3698 cum
1377 3635 1527 3698 Romano

133 3753 325 3809 tonantem
352 3743 436 3806 bello
459 3742 554 3807 Italia
576 3745 792 3807 contremuit.
811 3795 817 3806 .
836 3743 864 3826 .’,
889 3752 1001 3808 0011111
1026 3745 1060 3806 in
1085 3740 1170 3825 aliis,
1197 3742 1281 3803 inter
1303 3761 1382 3823 quos
1408 3748 1458 3802 est
1482 3737 1526 3803 O:

133 3848 360 3913 ‘Hannibalem
383 3870 443 3911 nec
466 3857 549 3930 tum,
573 3870 647 3912 cum
670 3848 815 3913 Romano
837 3855 993 3911 tonante
1016 3844 1100 3910 bello
1125 3843 1218 3908 Italia
1241 3843 1475 3907 contremuit..
1497 3844 1526 3905 .'.

132 3955 216 4019 hanc
237 3955 430 4038 scripturam
450 3955 514 4016 iam
535 3951 694 4016 Graevius
714 3951 877 4037 praetulit,
901 3952 1020 4037 quippe
1044 3950 1099 4034 qui
1119 3947 1338 4012 Hannibalem
1358 3953 1529 4010 tonantem

133 4059 196 4123 dici
212 4081 276 4124 non
291 4058 398 4138 licere,
418 4059 514 4122 immo
531 4057 651 4121 bellum
667 4056 768 4120 solum
783 4064 896 4120 tonare
912 4056 1105 4140 opinaretur.
1136 4061 1169 4116 at
1190 4060 1222 4114 et
1235 4051 1297 4115 hoc
1318 4057 1350 4112 01
1365 4048 1444 4113 illud
1459 4049 1528 4113 dici

133 4186 227 4250 posse
250 4161 416 4248 exemplis,
442 4183 523 4245 quae
545 4162 605 4225 viri
627 4161 713 4224 docti
736 4158 779 4223 ad
797 4158 829 4226 h.
847 4157 897 4244 1.·1)
919 4165 1160 4242 congesserunt,
1186 4157 1262 4220 satis
1286 4151 1527 4238 comprobatur.

238 4342 256 4406 1)
271 4339 412 4390 (lodicibus
423 4340 530 4406 quidem
544 4339 667 4388 classium
681 4337 703 4386 Τ
717 4338 777 4390 etl'l
791 4334 891 4386 ‘morte'
910 4335 1060 4397 exhibetur,
1078 4334 1123 4382 sed
1137 4338 1209 4382 10010
1227 4331 1343 4381 editores
1360 4330 1528 4393 reliquorum

134 4431 254 4480 codicum
268 4431 423 4494 scripturam
435 4427 563 4478 ‘mortem’
573 4425 690 4490 amplexi
702 4429 771 4473 sunt.
796 4424 886 4473 littera
898 4439 924 4472 m
938 4424 1009 4472 enim
1022 4420 1127 4486 virgula
1139 4418 1289 4484 significata
1300 4417 1447 4467 innumeris
1459 4415 1530 4465 locis

134 4520 162 4570 in
175 4516 249 4566 libris
261 4518 403 4568 intercidit.

238 4607 258 4670 ²)
278 4607 368 4661 0101.
383 4604 622 4665 Frotscherianam,
636 4617 704 4670 quae
717 4602 815 4669 prodiit
827 4601 933 4665 Lipsiae
948 4599 1013 4648 1827
1027 4612 1082 4663 sqq.
