3225 5092
113 260 154 324 38

113 454 210 518 etiam
234 452 274 516 de
298 450 415 516 fabulis
439 451 482 515 ad
506 450 613 514 sidera
637 448 873 535 pertinentibus
897 448 1061 535 valeret.¹)
1101 473 1159 515 eur
1183 454 1269 516 enim
1294 455 1510 538 antiquiorem

113 555 295 621 fabularum
312 555 478 642 sylloganr‚
496 578 560 640 qua
576 557 786 640 interpretem
801 554 960 619 Arateum
975 577 1070 619 usum
1087 578 1158 619 esse
1174 557 1334 622 Maassius
1349 581 1381 644 p.
1395 558 1438 622 54
1450 581 1509 644 sq„
1589 610 1590 617 .

113 661 186 725 adn.
200 659 241 724 83
254 670 328 746 etp.
345 661 405 724 139
422 660 582 744 concedit,
603 658 645 723 ab
667 659 882 723 Eratosthene
898 658 1078 744 profectam
1098 682 1169 724 esse
1189 683 1356 745 negemus,
1378 685 1509 727 causam

112 787 176 829 non
196 765 301 829 video.
332 767 513 848 immoque
537 763 631 827 modo
652 785 733 850 opus
757 785 889 847 prorsus
914 765 1059 848 spurium
1080 765 1178 848 vulgo
1200 774 1232 829 et
1256 766 1387 850 quidem
1405 769 1470 832 iam
1491 791 1511 832 a

113 868 322 955 scriptoribus
348 867 409 932 hac
430 869 571 954 epitoma
591 876 697 931 aetate
717 890 782 931 non
802 867 902 931 multo
927 867 1136 933 inferioribus
1156 891 1215 953 pro
1235 872 1375 953 genuino
1399 871 1511 936 Erato-

113 974 235 1038 sthenis
251 996 347 1058 opere
363 973 476 1037 haberi
495 973 651 1056 potuerit,
671 973 729 1038 vix
749 972 956 1056 intellegitur.
987 971 1147 1036 Maassius
1169 995 1247 1037 sane
1265 997 1297 1060 p.
1310 974 1362 1056 47,
1380 976 1455 1041 adn.
1468 976 1510 1039 68

112 1077 212 1143 libelli
229 1078 356 1142 titulum
377 1079 445 1140 sive
465 1098 554 1140 mera
570 1079 757 1140 coniectura
777 1077 846 1139 sive
862 1084 975 1162 aperta
990 1075 1105 1140 fraude
1120 1076 1232 1141 fictum
1250 1100 1319 1142 esse
1336 1080 1509 1145 contendit.

114 1182 171 1246 sed
194 1182 309 1246 fraude
333 1205 407 1246 cum
434 1180 527 1262 alios,
554 1190 623 1244 tum
643 1181 812 1264 Hyginum
837 1179 1012 1264 deceptum
1034 1202 1118 1264 esse,
1148 1203 1244 1265 quem
1270 1184 1302 1246 in
1326 1183 1512 1268 Astrologia

113 1287 272 1350 Maassius
287 1287 357 1370 ipse
373 1307 405 1370 p.
419 1285 461 1349 54
477 1294 606 1371 praeter
618 1284 920 1350 Oatasterismorum
931 1283 1075 1349 libellum
1089 1286 1210 1351 scholia
1222 1286 1345 1352 Aratea
1355 1287 1511 1353 adhibere

113 1391 200 1472 dicit,
225 1392 294 1453 veri
313 1389 468 1455 dissimile
491 1399 548 1454 est.
589 1389 631 1454 ad
652 1392 768 1453 erroris
793 1399 902 1453 autem
927 1391 1084 1472 originem
1109 1390 1335 1476 explicandam
1364 1415 1428 1456 non
1448 1394 1512 1456 suf-

114 1495 226 1560 ficiunt
246 1496 386 1558 rationes
402 1517 421 1558 a
437 1493 577 1558 Maassio
597 1515 628 1578 p.
641 1493 695 1574 47,
717 1493 791 1557 adn.
810 1492 851 1557 68
868 1492 1025 1578 prolatae:
1047 1517 1158 1559 ansam
1180 1496 1383 1560 coniecturae
1401 1497 1513 1560 Erato-

114 1599 235 1662 sthenis
249 1599 392 1662 carmina
408 1599 449 1662 de
460 1600 622 1663 Mercurio
641 1599 746 1685 deque
758 1598 901 1682 Erigona
917 1601 1099 1684 conscripta
1115 1598 1252 1664 dedisse.
1279 1601 1313 1663 in
1329 1601 1510 1665 ‘Mercurio’

114 1705 200 1766 enim
216 1702 345 1788 ‘Lyrae’
363 1713 395 1766 et
411 1702 507 1768 lactei
524 1703 645 1784 circuli,
666 1704 700 1766 in
717 1703 878 1786 ‘Erigone'
896 1701 981 1766 Icari
1000 1703 1140 1767 familiae
1161 1706 1410 1787 catasterismos,
1431 1728 1511 1791 quas

115 1807 156 1871 ad
173 1830 287 1870 causas
303 1806 466 1871 referendi
482 1817 599 1888 essent,
616 1805 864 1871 Eratosthenem
881 1829 924 1870 ex
939 1806 1077 1871 fabulari
1093 1806 1227 1872 historia
1239 1808 1429 1892 explicasse.
1454 1811 1513 1874 sed

114 1911 192 1996 quid
209 1909 323 1975 multa:
345 1933 408 1975 non
428 1932 509 1995 opus
525 1909 632 1975 estad
648 1911 729 1974 haec
745 1921 937 1993 argumenta
953 1911 1139 1995 confugere,
1162 1934 1235 1975 cum
1250 1935 1292 1976 ne
1312 1935 1350 1977 ea
1369 1914 1511 1998 quidem,

115 2036 197 2100 quae
214 2015 254 2078 de
272 2012 437 2079 stellarum
454 2012 607 2098 catalogis
623 2014 781 2078 Maassius
797 2013 941 2099 protulit,
962 2015 1004 2078 ad
1025 2015 1092 2078 eius
1113 2015 1153 2078 de
1174 2013 1289 2079 horum
1309 2019 1431 2101 origine
1447 2021 1511 2105 opi-

114 2121 243 2184 nionem
264 2118 539 2205 comprobandam
560 2118 668 2182 valere
689 2118 864 2182 Bochmius
884 2140 990 2203 nuper
1009 2118 1092 2182 Mus.
1111 2119 1215 2183 Rhen.
1233 2129 1307 2183 tom.
1327 2121 1510 2187 XXXXII.

115 2246 146 2307 p.
159 2223 223 2287 286
236 2244 305 2309 sqq.
320 2226 439 2310 optime
455 2224 733 2289 demonstraverit.

218 2327 386 2392 Rationem
398 2331 505 2413 igitur,
525 2350 622 2413 quam
640 2330 723 2392 inter
734 2327 982 2393 Eratosthenem
994 2329 1160 2412 Nigidium
1172 2330 1316 2416 aliosque
1329 2330 1511 2396 fabularum

116 2431 301 2496 sideralium
337 2434 509 2518 scriptores
540 2433 742 2497 intercedere
773 2432 936 2496 Rohertus
966 2431 986 2496 l.
1011 2456 1038 2496 0.
1063 2435 1183 2518 statuit,
1216 2434 1384 2499 brevitatis
1415 2458 1512 2500 causa

117 2545 285 2600 stemmate
301 2537 363 2600 hoo
380 2536 439 2601 sub
456 2559 519 2602 uno
536 2545 711 2622 conspectu
726 2538 829 2622 posito
845 2536 1004 2601 illustrare
1020 2536 1129 2603 liceat:

457 2667 706 2733 (Eratosthenis
722 2667 764 2721 de
781 2667 1030 2722 catasterismis
1045 2671 1144 2734 opus)
1154 2660 1180 2746 ²)

1070 2871 1133 2921 inde
1146 2799 1284 2937 compium
1296 2873 1410 2937 sumpsit

289 2957 506 3008 Gatasterismi
1145 2960 1297 3021 Nigidius

1086 3042 1123 3091 (cl.
1134 3043 1186 3082 ltob.
1196 3043 1210 3084 l.
1222 3056 1240 3084 e.
1250 3056 1270 3094 p.
1281 3046 1306 3083 32
1317 3045 1339 3083 et
1349 3044 1385 3092 35)

168 3117 449 3139 ——n—dh

114 3217 244 3281 Hygini·
293 3217 414 3267 Avienus
473 3218 598 3283 Epitome
1247 3219 1385 3286 Ampelius

88 3302 239 3368 Astrologia
300 3302 418 3370 [fabulae
486 3304 589 3355 Graeca
613 3305 813 3408 “st—p
1204 3304 1249 3355 lib.
1258 3292 1435 3385 memorialis{

257 3391 453 3442 Phaenomenis
789 3408 834 3492 ()
1036 3372 1040 3492 Ι
1188 3371 1192 3492 ι
1266 3393 1366 3458 cap.II.

258 3477 450 3544 interpositae}
758 3497 858 3528 ἡ
990 3496 1092 3546 scholia
1144 3495 1248 3546 scholia
1311 3467 1435 3546 Dosithei
1448 3498 1543 3563 fragm.

753 3651 757 3656 '
770 3650 776 3658 ·
797 3655 800 3660 “
827 3643 844 3661 “
962 3666 1260 3699 -ψ
1310 3651 1343 3691 ed.
1353 3650 1456 3691 Schmidt.
1468 3663 1489 3700 p.
1499 3651 1545 3701 LV)

955 3720 989 3769 ad
1003 3721 1155 3770 Germanioi
1167 3721 1269 3771 Aratea

667 3687 839 3753 Sangerman.

650 3775 683 3824 ad
693 3774 845 3824 Germanici

849 3826 950 3857 s-pu

701 3861 800 3910 Aratea
879 3860 920 3944 (ς)

739 3948 1070 3976 —n-s-

561 4051 663 4102 scholia
676 4051 853 4116 S(tronziana)
889 4051 992 4102 scholia
1004 4051 1169 4115 U(rbinatia)

470 4157 504 4206 ad
514 4155 668 4206 Germanici
677 4157 776 4207 Aratea
786 4164 824 4213 [cf.
831 4164 883 4203 Rob.
891 4164 907 4202 l.
914 4176 932 4203 c.
939 4175 960 4213 p.
967 4167 1044 4211 20000.
1051 4173 1073 4203 er
1080 4174 1100 4211 p.
1110 4156 1255 4220 201-220].³)

221 4296 239 4359 ¹)
253 4297 313 4345 Non
326 4298 411 4361 magis
423 4296 568 4361 Roehrigio
583 4296 617 4361 (p.
629 4297 673 4360 30)
686 4296 831 4346 Maassium
844 4297 871 4346 id
884 4297 1047 4362 persuasisse
1059 4295 1147 4346 video.

219 4383 240 4448 ²)
253 4384 313 4433 Hoc
334 4382 473 4449 ‘catalogi‘
495 4385 651 4449 inscriptum
673 4383 755 4433 fuisse
778 4385 911 4433 Robertus
934 4383 1067 4433 conclusit
1089 4399 1122 4432 ex
1146 4382 1247 4432 scholio
1261 4383 1328 4432 Van.
1349 4384 1370 4432 B
1390 4383 1424 4432 ad
1440 4382 1519 4434 Iliad.

115 4471 201 4533 XXII,
214 4473 259 4520 29:
275 4467 409 4537 ...icropei
418 4467 591 4536 Ἐρατοσθένης
605 4467 628 4518 ἐν
639 4471 688 4526 τοῖς
702 4467 787 4519 ἑαυτοῦ
801 4468 951 4537 καταλόγοις.

220 4557 240 4620 ³)
255 4557 296 4606 De
314 4560 419 4608 ratione
441 4560 511 4607 inter
528 4558 682 4608 Stronziana
704 4565 730 4607 et
749 4559 854 4623 Hygini
870 4558 967 4608 Astrol.
986 4558 1170 4608 intercedente
1193 4560 1247 4608 iam
1265 4559 1368 4622 Freyns
1384 4559 1413 4606 in
1430 4573 1519 4622 progr.

115 4644 296 4695 Roesseliensi
308 4660 331 4694 a.
342 4641 567 4695 MDOGCLXVII
580 4662 605 4709 p.
617 4647 632 4694 9
645 4645 759 4695 similem
773 4645 922 4710 protulerat
935 4647 1104 4695 sententiam.
