3225 5092
1454 246 1516 310 189

220 435 271 498 lta
295 435 417 500 factum
442 445 504 518 est,
530 443 566 499 ut
585 417 790 499 solveretiam
809 442 877 499 tum
898 443 1085 520 poneretur,
1107 457 1181 500 cum
1205 439 1366 501 sententia
1385 460 1450 502 non
1472 439 1515 502 ad

118 547 242 604 certum
255 540 370 624 locum,
388 540 442 624 qui
454 540 637 624 antecessit,
650 538 822 602 referenda
834 547 912 623 erat,
926 537 984 602 sed
996 538 1038 603 ad
1050 541 1237 604 universam
1249 562 1322 604 eam
1333 545 1516 626 argumenti

115 651 252 729 partem,
263 651 427 729 quae-tum
439 645 539 709 menti
552 631 717 728 scriptoris
730 643 978 726 obversabatur,
990 642 1091 707 veluti
1100 642 1187 708 And.
1200 643 1251 708 HI
1263 644 1304 708 39
1317 645 1516 730 digressione

116 747 266 814 absoluta
278 757 385 813 orator
397 750 463 813 iam
477 748 520 813 ad
531 771 602 812 rem
612 750 716 832 ipsam
728 749 911 812 revertitur.
936 747 1031 812 simili
1042 748 1167 812 ratione
1178 771 1333 833 magnum
1343 771 1515 814 numerum

115 850 291 918 locorum
282 855 428 939 inprimis
448 853 647 939 Xenophont
647 873 758 916 eorum
778 851 1010 938 explicandum
1029 873 1100 916 esse
1125 851 1277 936 arbitror,
1305 852 1421 940 quibus
1444 876 1515 940 pro-

117 959 237 1020 nomini
261 955 318 1038 ἐγώ
337 957 511 1043 adponitur
530 961 632 1040 τοίνυν,
657 959 683 1021 si
703 956 863 1042 quidem
855 979 896 1040 rs,
917 959 971 1042 qui
994 956 1096 1042 loquit
1097 976 1150 1042 ur,
1170 956 1212 1022 ad
1233 979 1324 1022 suam
1343 980 1515 1078 personam

117 1060 257 1144 quodam
273 1060 368 1127 modo
383 1061 577 1146 regreditur,
593 1061 634 1126 cf
647 1061 727 1147 Lys.
741 1059 824 1124 XVI
841 1059 871 1125 7.

801 1289 832 1353 2.

221 1427 312 1493 Sicut
335 1429 390 1512 οὖν,
414 1430 459 1493 ita
483 1431 578 1495 etiam
598 1431 683 1491 τοίνυν
703 1429 830 1512 legitur,
852 1429 879 1492 si
899 1450 947 1510 ea,
970 1450 1053 1512 quae
1072 1438 1325 1515 antecesserunt,
1348 1453 1513 1517 compre-

116 1529 351 1615 henduntur,
376 1533 463 1619 quod
486 1533 827 1618 ferefitpronomine
849 1533 1111 1615 demonstrativo,
1136 1533 1177 1597 cf.
1199 1534 1298 1620 Gorg
1316 1536 1385 1601 Pal.
1402 1537 1451 1619 ll,
1473 1536 1514 1600 de

117 1633 560 1721 Atnrep.19‚113,11‚18
578 1636 711 1701 AndlI
728 1635 917 1719 313135
934 1637 1021 1722 (post
1032 1659 1163 1703 nomina
1177 1640 1331 1727 reorum)
1350 1639 1410 1703 127
1429 1640 1514 1727 (μετὰ

118 1745 202 1801 ταυτα
216 1743 312 1824 τοίνυν,
330 1761 414 1826 quae
429 1741 532 1807 verba
548 1744 723 1806 sescenties
740 1741 939 1828 occurrunt),
955 1739 1007 1802 HI
1022 1741 1064 1806 23
1081 1741 1171 1828 (ὅμως
1190 1747 1276 1806 τοίνυν
1295 1743 1404 1830 ταῦτα),
1422 1743 1448 1831 [l
1451 1743 1515 1831 Ill]

36 1867 38 1871 ·
119 1841 168 1928 15,
186 1843 265 1928 Lys.
279 1845 362 1910 XVI
377 1846 417 1910 15
435 1845 520 1933 (μετὰ
534 1853 618 1909 ταῦτα
632 1849 729 1931 τοίνυν,
750 1849 769 1927 ξ
787 1845 828 1909 13
843 1844 962 1929 legitur
976 1854 1082 1927 πρῶτον
1098 1850 1149 1924 μὲν
1163 1849 1243 1934 γάρ),
1258 1849 1345 1912 Xen.
1362 1847 1438 1932 (lyr.
1451 1848 1468 1911 I
1486 1850 1514 1929 1,

115 1946 135 2011 5
151 1949 197 2010 καὶ
213 1951 299 2011 τοίνυν
315 1950 430 2016 eadem
447 1951 515 2016 fere
532 1951 769 2036 significatione
786 1949 982 2016 dictumest.
1014 1972 1120 2048 neque
1136 1973 1213 2015 vero
1233 1975 1365 2017 necesse
1381 1961 1431 2016 est
1444 1974 1515 2037 pro-

116 2073 234 2118 nomen
250 2053 539 2119 demonstrativum
552 2058 585 2119 in
600 2057 670 2141 ipso
686 2057 777 2119 initio
795 2056 951 2120 enuntiati
971 2064 1119 2140 ponatur,
1142 2056 1183 2120 cf.
1201 2054 1277 2120 Ant.
1295 2056 1344 2120 VI
1359 2057 1411 2139 26,
1427 2056 1514 2121 And.

115 2156 194 2221 186
211 2159 323 2244 (quem
346 2158 451 2224 locum
475 2182 495 2223 a
509 2159 733 2245 Rosenbcrgio
757 2162 911 2224 omissum
933 2160 978 2224 ita
1001 2158 1164 2244 intellego,
1185 2169 1221 2224 ut
1239 2147 1325 2223 τοίνυν
1340 2183 1400 2247 per
1414 2170 1515 2225 trans-

117 2263 317 2344 gressionem
333 2263 376 2329 ad
391 2267 509 2326 rocroort
524 2265 674 2350 referam,
697 2264 784 2351 quod
805 2285 984 2350 pronomen
1005 2266 1170 2330 enuntiato
1186 2264 1379 2330 secundario
1395 2267 1515 2330 inserto

117 2363 244 2449 longius
260 2367 302 2432 ab
318 2369 409 2432 initio
425 2377 583 2434 remotum
599 2368 673 2455 est),
692 2367 763 2454 140,
780 2368 860 2454 Lys.
874 2369 908 2432 X
923 2368 942 2432 6
959 2367 1046 2453 (post
1060 2368 1233 2456 Μάρτυρες).

92 2469 95 2477 '
220 2470 472 2557 Nonnumquam
492 2483 601 2538 autem
621 2473 758 2558 scriptor
779 2480 847 2537 toto
867 2474 1032 2538 enuntiato
1053 2494 1101 2555 ea,
1123 2494 1205 2558 quae
1221 2496 1414 2560 praegressa
1430 2483 1514 2558 sunt,

118 2562 344 2660 complectitur
361 2577 519 2663 simulque
537 2576 711 2662 concludit,
729 2577 769 2640 cf.
783 2577 861 2640 Ant.
875 2576 914 2641 fr.
929 2577 958 2659 1,
973 2576 1061 2641 And.
1074 2577 1171 2642 1119.

223 2681 430 2768 Quamquam
449 2684 547 2767 igitur
567 2683 792 2748 coniunctione
807 2685 893 2743 τοίνυν
909 2704 974 2746 non
996 2704 1088 2746 secus
1109 2692 1207 2768 atque
1224 2683 1269 2745 οὖν
1289 2684 1516 2749 antecedentia

120 2785 352 2870 comprehendi
372 2786 583 2871 significatur,
605 2797 715 2851 tamen
733 2789 838 2852 rarius
858 2809 898 2850 ac
918 2795 1045 2850 tantum
1065 2785 1133 2851 fere
1151 2786 1301 2852 inferiore
1317 2796 1423 2852 aetate
1440 2810 1515 2852 oum

119 2893 169 2966 μέν
192 2890 406 2974 coniungitur,
428 2892 514 2977 quod
535 2894 650 2956 totiens
670 2893 762 2955 iuxta
782 2892 827 2954 οὖν
846 2891 976 2976 legitur,
992 2913 1023 2956 v.
1042 2889 1078 2955 O.
1097 2891 1234 2979 Sohepe,
1256 2893 1297 2956 de
1320 2895 1515 2957 transitionis

120 2992 264 3058 formulis
277 3017 307 3080 p.
325 2993 381 3077 283
399 2995 457 3059 sed
473 2995 514 3060 cf.
527 2996 604 3061 Ant.
617 2997 710 3061 ΠΠα
726 2995 756 3081 l,
773 2995 876 3060 Thuc.
889 2997 919 3062 V
933 2996 984 3082 87,
1003 2996 1074 3060 105.

800 3224 830 3288 3.

183 3390 185 3394 ·
222 3359 458 3425 Conclusiva
473 3361 533 3446 vis,
551 3383 634 3446 quac
651 3363 792 3446 genuina
806 3361 901 3432 huius
916 3361 1094 3448 particulae
1110 3384 1182 3427 esse
1197 3362 1336 3447 videtur,
1354 3387 1427 3431 cum
1443 3364 1514 3430 aliis

117 3471 186 3529 tum
207 3465 257 3529 his
279 3465 357 3528 locis
380 3465 586 3530 animadvcrt
574 3468 664 3530 titur:
692 3466 830 3530 Thucl
815 3465 866 3529 III
882 3462 934 3549 45,
956 3467 1130 3549 4,A11t.V
1151 3467 1202 3551 60,
1226 3468 1312 3533 And.
1331 3470 1419 3549 132,
1442 3471 1514 3556 43,

121 3569 192 3652 149,
209 3571 288 3656 Lys.
301 3569 438 3632 XXXII
453 3569 491 3632 18
510 3571 673 3656 (πρῶτον
644 3594 694 3647 μεν
709 3573 805 3653 γὰρ..
821 3571 909 3652 ,Μοίρ
895 3594 998 3654 ρτυρες,
1016 3571 1055 3635 19
1068 3570 1137 3646 ἀξιῶ
1148 3573 1257 3657 τοίνυν).
1273 3595 1514 3659 nonnumquam

119 3676 249 3741 etiams
266 3677 433 3756 sententia,
459 3696 542 3759 quae
563 3675 636 3738 rhet
623 3677 745 3738 toricae
766 3677 952 3760 interrogat
944 3678 1008 3740 roni
1029 3677 1236 3741 antecedenti
1256 3679 1367 3742 subest
1368 3679 1514 3764 ,aliquid

120 3778 289 3863 colligitur,
312 3780 414 3843 veluti
433 3778 520 3844 And.
536 3779 571 3843 Π
587 3779 616 3862 8,
636 3779 689 3843 III
710 3780 759 3842 16.
791 3783 818 3844 si
842 3789 951 3845 autem
973 3782 1086 3842 τοίνυν
1077 3804 1111 3845 1n
1135 3783 1326 3848 secundario
1338 3786 1514 3848 'enuntiato

117 3884 248 3948 ineunte
270 3892 385 3966 exstat,
408 3883 570 3948 conclusio
592 3886 774 3948 continetur
794 3895 851 3949 aut
870 3885 932 3950 hoo
951 3887 1031 3970 ipso,
1052 3885 1093 3950 cf.
1111 3887 1190 3951 Her.
1203 3886 1270 3951 VII
1287 3887 1341 3970 ec,
1359 3888 1447 3953 And.-
1461 3887 1513 3951 ΠΙ

117 3986 170 4070 40,
182 3997 238 4052 aut
250 3990 413 4053 enuntiato
425 3989 587 4074 primario,
600 3988 687 4073 quod
700 3990 853 4075 sequitur,
867 3989 909 4054 cf.
923 3989 1001 4054 Her.
1013 3989 1031 4053 I
1046 3990 1097 4077 57,
1110 3991 1197 4055 And.
1210 3992 1262 4056 ΙΙΙ
1276 3992 1315 4056 13
1328 3995 1514 4080 (sententia-

117 4115 189 4158 rum
207 4115 349 4158 conexus
364 4093 418 4157 hic
431 4101 493 4156 est:
514 4092 624 4158 verbis
644 4093 913 4158 antecedentibus
924 4093 1114 4159 Andocides
1124 4097 1278 4182 narravit,
1296 4117 1380 4182 quae
1396 4120 1514 4164 causae

118 4195 262 4262 bellandi
278 4196 535 4263 Atheniensibus
555 4197 701 4281 fuissent,
723 4221 803 4284 quas
823 4198 955 4264 easdem
975 4198 1060 4266 solas
1081 4221 1195 4265 causas
1215 4222 1295 4284 esse,
1317 4225 1376 4266 cur
1394 4206 1515 4267 iustum

118 4300 239 4364 bellum
250 4301 363 4366 inferri
375 4313 493 4388 posset,
507 4306 666 4388 exposuit.
692 4303 809 4389 quibus
826 4303 1070 4382 condicionibus
1087 4305 1221 4369 sublatis
1237 4305 1343 4371 denuo
1359 4311 1516 4393 quaestio-

116 4424 202 4487 nem,
225 4428 289 4490 qua
309 4407 350 4471 de
372 4430 471 4475 causa
492 4408 640 4495 belletur,
662 4409 736 4474 oriri
758 4409 904 4496 colligit),
921 4410 1005 4474 Xon.
1020 4409 1142 4475 Comm.
1159 4411 1176 4474 Ι
1192 4409 1223 4494 2,
1241 4411 1282 4476 35
1299 4414 1358 4499 (ἵνα
1372 4417 1457 4475 τοίνυν
1478 4419 1516 4492 μὴ

119 4509 271 4592 ἀμφίβολον
286 4510 314 4596 ᾖ,
337 4514 444 4596 ὁρίσατέ
465 4536 511 4591 μου
530 4537 609 4600 quac
629 4537 696 4577 cum
715 4516 762 4578 aa
782 4516 854 4598 siat,
875 4514 998 4598 deficite
1016 4517 1101 4599 milri,
1122 4539 1158 4579 nc
1177 4519 1330 4580 rescitis
1346 4517 1514 4603 ancipiti),

118 4613 159 4678 cf.
174 4636 273 4700 supra
289 4615 329 4680 de
344 4614 432 4682 And.
449 4616 466 4680 I
482 4616 532 4682 86.
