3225 5092
118 219 161 283 54

118 411 313 476 XXXXVI.
326 415 391 478 iam
406 414 440 478 in
455 413 589 478 exilium
602 415 732 499 pulsum
747 415 856 498 fuisse,
872 437 901 477 a.
914 414 1092 478 XXXXV.
1111 414 1240 479 exulem
1256 424 1419 479 mortuum
1434 437 1512 478 esse.

118 539 224 602 neque
241 520 332 581 annis
344 519 492 602 proxime
508 518 774 583 antecedentibus
787 518 1036 583 XXXXVIIII.
1053 518 1284 583 XXXXVHI.
1302 518 1514 583 XXXXVII.

120 620 250 705 Nigidio
266 621 308 685 ad
325 621 390 684 tale
406 643 486 706 opus
503 622 774 688 conscribendum
790 625 868 686 satis
884 625 939 687 otii
959 645 1029 687 esse
1045 625 1159 708 potuit,
1180 625 1257 708 quia
1272 646 1346 688 11111
1361 624 1516 708 Pompeio

119 725 256 790 Romam
271 724 446 811 reliquerat
466 736 507 809 et,
528 748 725 812 quamquam
745 750 820 793 eum
840 730 874 792 in
890 727 1065 793 Graeciam
1087 737 1217 792 secutus
1233 750 1297 792 non
1313 737 1392 811 erat,
1408 737 1518 792 tamen

119 832 152 893 in
167 829 262 895 Italia
278 830 420 911 errabat;
438 831 478 895 cf.
492 831 612 896 Kleinii
629 832 775 916 ‘quaestt
787 830 874 915 Nig.'
886 854 917 917 p.
931 831 983 896 21.

227 934 292 999 Sed
308 935 380 1020 plus
396 938 429 1000 in
444 936 507 1000 hac
523 938 712 1020 quaestione
727 936 898 1000 tractanda
913 937 1128 1021 proficiemus,
1146 939 1172 1000 si
1187 936 1229 1002 de
1245 935 1350 1002 Servii
1365 937 1519 1001 11111111-

120 1040 283 1102 notatione
297 1039 439 1124 quadam
455 1040 497 1104 ad
507 1040 625 1124 Georg.
639 1040 666 1121 I,
680 1039 820 1104 1111111
835 1040 929 1105 nobis
945 1041 1334 1126 1111111111111111111111)
1357 1040 1423 1123 ubi,
1435 1048 1519 1125 post-

121 1165 219 1229 quam
243 1141 284 1206 de
305 1143 503 1230 Triptolemo
529 1144 701 1208 scholiasta
721 1147 867 1209 narravit
890 1166 1026 1229 eamque
1049 1146 1267 1209 narrationem
1290 1145 1448 1209 conclusit
1470 1142 1520 1207 his

120 1246 243 1312 verbis:
259 1247 443 1334 ‘Cererique
456 1271 549 1313 sacra
560 1250 683 1334 primus
694 1251 832 1312 instituit
845 1248 1103 1336 (Triptolemus),
1117 1270 1201 1333 quae
1209 1250 1383 1331 Θεσμοφόρια
1392 1248 1520 1314 Graece

123 1353 294 1436 dicuntur’,
310 1353 446 1438 legimus
462 1353 553 1436 haec,
571 1353 612 1417 de
629 1352 746 1438 quibus
763 1353 953 1418 enarrandis
970 1375 1069 1438 supra
1084 1376 1115 1439 p.
1129 1353 1172 1418 50
1190 1356 1330 1438 egimus:
1347 1354 1462 1418 ‘Varro
1479 1354 1521 1417 de

123 1460 281 1522 scaenicis
297 1457 475 1542 originibus
491 1457 544 1522 vel
559 1461 593 1521 in
610 1457 747 1522 Scauro:
765 1457 999 1542 Triptolemum
1014 1457 1093 1522 dicit
1105 1459 1255 1542 Nigidius
1267 1459 1434 1544 Sphaerae
1450 1458 1522 1522 bar-

121 1560 254 1626 baricae
267 1600 282 1630 a
295 1562 355 1627 sub
368 1562 512 1647 Virginis
526 1563 616 1646 signo
630 1561 818 1627 Aratorem.
831 1614 837 1626 .
849 1563 865 1625 .'
891 1584 934 1626 ex
944 1563 994 1627 his
1006 1563 1116 1626 verbis
1128 1565 1311 1646 terminum,
1325 1566 1380 1649 qui
1393 1564 1521 1644 dieitur,

121 1667 345 1753 adsequimur,
362 1676 436 1732 ante
453 1689 550 1753 quern
565 1666 689 1750 Nigidii
706 1689 787 1752 opus
804 1668 988 1731 confectum
1008 1689 1079 1730 esse
1094 1666 1229 1752 debeat,
1253 1670 1279 1732 si
1300 1667 1431 1753 quidem
1452 1689 1522 1731 sen·

121 1772 263 1854 tentiam,
288 1792 370 1856 quae
391 1773 493 1856 primo
515 1770 629 1835 obtutu
650 1792 683 1835 se
704 1772 812 1852 offert,
836 1771 1016 1835 Varronem
1040 1774 1074 1836 in
1096 1772 1279 1855 logistorieo
1304 1772 1456 1837 ‘Scaurus
1480 1772 1522 1835 de

123 1877 278 1940 scaenicis
296 1875 483 1960 originibus’
500 1877 656 1961 inscripto
678 1876 783 1961 operis
797 1875 965 1959 Nigidiani
986 1878 1183 1940 mentionem
1203 1876 1329 1958 fecisse,
1354 1885 1390 1940 11
1411 1885 1524 1939 contra

126 1981 268 2044 virorum
285 1980 452 2046 doctorum
473 1981 689 2046 dubitationes
705 1991 864 2062 tueamur,
885 1980 978 2045 nobis
999 1983 1179 2066 contigerit.
1207 1981 1291 2047 duae
1307 1990 1416 2045 autern
1432 1980 1523 2044 dubi-

122 2087 257 2148 tationes
273 2083 366 2149 nobis
380 2094 474 2149 erunt
488 2085 716 2150 removendae.
745 2107 881 2172 quarum
893 2108 958 2148 una
969 2084 1052 2149 11111
1064 2095 1123 2166 111,
1139 2108 1218 2149 num
1229 2107 1264 2148 re
1277 2107 1355 2149 vera
1367 2085 1523 2149 Varronis

124 2191 386 2254 commemoratio
403 2189 444 2254 ad
461 2189 584 2273 Nigidii
601 2187 718 2272 verba,
739 2211 823 2274 quae
840 2199 1002 2274 secuntur,
1026 2193 1197 2275 pertineat,
1213 2190 1315 2255 111111
1330 2191 1422 2272 haec,
1445 2213 1524 2254 num

122 2292 277 2356 Varronis
294 2315 374 2378 opus
391 2293 432 2357 de
448 2294 605 2358 scaenicis
621 2293 798 2377 originibus
816 2297 1034 2378 conscriptum
1050 2316 1113 2358 non
1126 2295 1290 2359 diversum
1307 2318 1326 2358 a
1340 2295 1523 2378 logistorieo

126 2398 240 2462 Scauri
256 2399 386 2462 nomine
403 2397 583 2482 significato
604 2398 702 2462 fuisse
721 2407 811 2461 11111
832 2419 875 2461 ex
894 2396 956 2462 hoc
975 2420 1039 2462 uno
1058 2397 1129 2462 1111
1151 2397 1333 2482 colligatur,
1353 2398 1523 2483 repudiato

124 2502 318 2586 Hieronymi
338 2502 537 2584 testimonie,
559 2504 614 2586 qui
634 2503 667 2565 in
684 2501 831 2586 catalogo
852 2523 909 2565 suo
925 2503 1090 2566 notissimo
1107 2511 1280 2588 utrumque
1295 2500 1425 2566 titulum
1440 2524 1525 2566 seor-

125 2605 815 2692 1111111111)(1.11111111111101111.ΙΠ,
836 2605 925 2692 424).
962 2615 1059 2690 atque
1079 2616 1115 2671 ut
1136 2608 1223 2692 prius
1245 2605 1286 2670 de
1306 2608 1413 2692 priore
1433 2606 1524 2670 dubi·

122 2711 243 2774 tatione
255 2733 360 2794 agam,
377 2711 441 2773 iam
453 2709 605 2774 Hertzius
621 2710 641 2775 l.
656 2733 680 2773 1.
695 2733 718 2773 1.
732 2733 762 2796 p.
780 2710 818 2772 17
832 2709 954 2795 aliquid
969 2719 1043 2795 post
1057 2708 1131 2774 libri
1140 2711 1334 2775 Varroniani
1345 2713 1523 2795 inscriptio-

126 2835 201 2878 nem
218 2814 380 2878 excidisse
397 2817 580 2899 suspicatus
596 2824 654 2878 est.
686 2836 747 2879 nec
768 2825 876 2879 tamen
892 2817 962 2899 ipse
978 2815 1055 2879 huic
1076 2816 1279 2879 coniecturae
1300 2824 1410 2900 utpote
1426 2814 1524 2879 auda-

125 2921 202 2982 ciori
218 2919 353 2982 multum
368 2918 491 2999 tribuit,
513 2918 570 2982 sed
580 2919 757 2983 adnotavit
777 2921 881 3002 magis
901 2918 962 2982 sibi
978 2917 1113 2983 alteram
1129 2918 1279 2983 adridere
1296 2921 1525 3004 coniecturam,

124 3025 149 3084 si
174 3044 271 3109 quam
291 3022 427 3087 haberet
448 3022 755 3104 denominationem,
779 3043 877 3107 quarn
897 3044 955 3107 pro
976 3023 1231 3107 ‘Triptolemum’
1252 3033 1401 3108 poneret,
1423 3032 1460 3087 ut
1480 3026 1527 3086 sic

124 3128 420 3212 interpungeretur:
446 3124 631 3211 ‘Cererique
655 3149 747 3190 sacra
772 3127 895 3211 primus
918 3127 1064 3209 instituit,
1090 3149 1173 3212 quae
1197 3127 1372 3209 Θεσμοφόρια
1396 3125 1525 3192 Graece

126 3231 289 3312 dicuntur,
313 3231 433 3295 Varro.
449 3229 718 3316 ..Triptolemum
742 3229 811 3316 (11)
836 3229 922 3293 dicit.
955 3230 1105 3313 Nigidius
1126 3229 1293 3316 Sphaerae
1317 3230 1526 3297 barbaricae:

28 3367 29 3386 2
125 3335 185 3401 sub
203 3337 347 3419 Virginis
364 3337 455 3419 signo
471 3335 622 3422 11111113)
634 3387 639 3398 .
651 3387 657 3400 .
670 3335 687 3399 .’
721 3334 778 3399 sed
795 3334 1021 3419 denominatio,
1039 3335 1167 3420 qualem
1183 3335 1346 3400 desiderat
1362 3336 1526 3419 Hertzius,

124 3441 260 3525 reperiri
284 3441 407 3524 nequit.
443 3439 539 3504 aliam
562 3441 648 3504 viam
669 3439 795 3503 Riesius
817 3439 982 3522 ingressus
1002 3439 1158 3503 Varronis
1187 3441 1527 3504 commemorationem

128 3566 201 3608 eum
218 3546 265 3626 iis,
284 3565 368 3628 quae
384 3542 596 3629 praecedunt,
614 3544 842 3608 cohaerentem
857 3545 943 3625 fecit,
961 3566 1035 3608 cum
1048 3544 1155 3608 ‘Varn
1169 3544 1234 3609 Sat.
1249 3544 1405 3630 Menipp'
1419 3568 1449 3630 p.
1464 3545 1528 3608 256

126 3648 172 3711 sic
196 3649 283 3711 hunc
304 3647 412 3712 locum
437 3647 790 3733 scripsit:'‘Oererique
815 3670 908 3712 sacra
930 3649 1054 3732 primus
1076 3649 1222 3730 instituit,
1247 3670 1328 3732 quae
1352 3650 1528 3732 Θεσμοφόρια

126 3751 252 3816 Graece
266 3752 387 3837 dicunt,
400 3760 435 3815 ut
445 3751 517 3838 (ait)
529 3752 634 3816 Varro
648 3752 688 3815 de
701 3753 838 3815 scenicis
851 3750 1036 3834 originibus'
1047 3803 1053 3814 .
1066 3805 1071 3816 .
1084 3803 1089 3814 .
1106 3752 1191 3816 hanc
1205 3774 1281 3816 vero
1295 3753 1525 3836 coniecturam,

126 3857 272 3942 quamvis
288 3859 391 3941 primo
408 3855 523 3921 obtutu
539 3858 580 3920 sit
595 3858 750 3941 speciosa,
768 3857 865 3919 certis
877 3858 1077 3939 argumentis
1088 3879 1140 3920 me
1153 3857 1301 3921 refellere
1313 3879 1407 3942 posse
1421 3881 1526 3943 spero.

126 3983 201 4025 nam
225 3983 358 4046 prorsus
376 3961 491 4025 eadem
514 3960 555 4025 de
571 3959 769 4045 Triptolemo
790 3960 931 4024 narratio
952 3969 1059 4024 exstat
1079 3962 1176 4025 etiam
1196 3963 1230 4026 in
1249 3962 1337 4047 Hyg.
1357 3963 1422 4026 fab.
1443 3963 1527 4045 147,

232 4172 253 4238 ¹)
265 4173 307 4222 De
324 4172 375 4222 1111
393 4171 453 4222 1111
466 4172 628 4237 Roehrigius
645 4188 669 4236 p.
681 4173 705 4233 3,
716 4171 830 4220 adnot.1
849 4169 917 4218 nihil
934 4172 1071 4235 antiquius
1088 4171 1182 4221 habuit
1199 4188 1279 4237 quam
1297 4173 1381 4222 Riesii
1398 4175 1527 4240 amplecti

126 4262 295 4321 sententiam,
309 4260 342 4310 de
355 4275 409 4324 qua
421 4260 499 4309 nobis
511 4260 644 4324 agendum
658 4260 715 4308 erit.

230 4347 251 4412 ²)
262 4347 296 4396 At
305 4347 376 4396 idem
387 4349 468 4397 etiam
478 4347 634 4412 logistorici,
648 4348 723 4395 cuius
735 4345 817 4410 plena
828 4345 966 4408 inscriptio
976 4351 1035 4394 erat
1044 4345 1187 4409 ‘Messalla
1200 4347 1233 4396 de
1242 4347 1399 4398 valetudine
1408 4349 1528 4413 tuenda’,

127 4435 237 4484 titulum
257 4434 298 4483 ‘de
319 4434 483 4484 valetudine'
501 4449 620 4483 seorsum
638 4437 835 4482 commemorat.
860 4448 885 4481 v.
904 4431 1079 4483 Ritschelium
1096 4433 1114 4482 l.
1130 4450 1151 4482 c.
1168 4449 1193 4498 p.
1208 4436 1259 4482 440
1279 4433 1452 4499 (quamquam
1471 4437 1526 4486 Rit-

127 4521 240 4573 schelius
254 4522 286 4572 de
300 4522 350 4571 hac
363 4537 391 4572 re
404 4521 509 4571 dubitat
521 4521 583 4570 ibid.
595 4538 619 4586 p.
632 4518 701 4584 475).

230 4609 251 4672 3)
266 4611 309 4659 Sic
322 4611 350 4659 in
364 4609 454 4659 codice
468 4607 674 4673 (Lemovieensi)
688 4612 742 4670 est,
754 4608 904 4657 ‘aratorem’
917 4609 1031 4657 conexit
1043 4607 1197 4658 Masvicins.
