3225 5092
2917 252 2994 312 13

211 448 262 510 E
283 446 525 531 Nigidii
550 445 742 511 libro:
832 449 895 510 in
930 445 1124 511 Gellii
1152 445 1346 510 libro:
1986 451 2464 528 argumentum:

401 552 435 616 Ῥ
771 551 992 633 XVII,
1031 551 1110 613 13
1858 548 1938 611 de
1968 547 2286 634 particula
2318 548 2532 632 ‘quiu⁵.

398 655 432 719 ‘P
699 655 990 737 XVIIII,
1031 654 1128 735 14,
1155 654 1195 717 6
1221 675 1357 739 sqq.
1852 651 1934 714 de
1964 651 2210 716 litteris.

216 777 506 841 videmus
559 777 756 860 igitur
809 779 979 841 inter
1033 775 1402 861 quindecim
1455 774 1630 838 locos
1682 795 1765 836 ne
1813 773 1975 837 duos
2022 773 2285 858 quidem
2329 776 2692 856 argumenti
2736 796 2997 860 prereue

214 881 430 945 similis
474 883 772 962 inveniri,
820 883 928 965 qui
975 880 1263 963 longiore
1312 879 1517 963 spatio
1563 879 1733 940 inter
1780 898 1848 939 se
1896 876 2155 960 distent,
2204 878 2319 942 sed
2372 876 2504 940 fere
2552 880 2764 940 emnia
2813 880 3001 940 huiue

212 986 374 1050 modi
415 984 784 1068 fragmenta
821 985 926 1048 vel
967 983 1193 1049 eodem
1232 981 1396 1046 libro
1430 979 1728 1044 Gelliano
1768 981 1875 1045 vel
1904 980 2191 1045 finitimis
2230 980 2408 1045 libris
2452 984 2785 1064 eeutiueri‚
2829 984 3001 1068 quud

209 1089 338 1152 fieri
369 1091 487 1153 vix
517 1090 744 1174 potuit,
786 1091 840 1152 si
877 1110 1089 1174 neque
1130 1085 1365 1171 singuli
1394 1084 1544 1149 libri
1574 1085 1909 1169 Nigidiani
1940 1085 2251 1171 ampliore
2294 1086 2372 1150 de
2408 1088 2672 1168 eingulie
2712 1092 2997 1152 meteriis

213 1195 606 1278 expositione
649 1194 1084 1257 constitissent
1122 1212 1333 1276 neque
1366 1187 1614 1254 Gellius
1654 1191 1732 1253 iis
1771 1191 1881 1274 ita,
1922 1199 1993 1252 ut
2025 1212 2219 1275 supra
2260 1190 2416 1276 dixi,
2456 1212 2612 1256 ueue
2652 1204 2841 1268 eeeet,
2885 1192 2993 1256 sed

211 1298 500 1363 ordinem
526 1319 746 1361 eorum
771 1296 1187 1381 neglexisset,
1222 1295 1289 1358 id
1312 1293 1486 1380 quod
1511 1315 1667 1357 sane
1691 1315 1811 1378 per
1835 1295 2047 1378 operis
2073 1296 2169 1358 sui
2192 1295 2508 1358 rationem
2532 1296 2744 1360 faeere
2772 1296 2993 1380 putuit.

211 1426 330 1488 qua
370 1405 441 1466 in
472 1424 542 1466 re
582 1400 714 1466 noli
750 1399 908 1467 mihi
950 1422 1275 1487 opponere
1309 1398 1593 1464 Gellium
1632 1398 1949 1480 iamXII,
1997 1398 2096 1480 14,
2129 1398 2241 1463 ubi
2276 1421 2343 1463 se
2384 1400 2684 1464 Ἰ1111116111111
2728 1400 2993 1464 ‘eeltei‘u’

219 1507 714 1592 explicationem
746 1507 813 1570 in
848 1505 1322 1570 commentariis
1344 1500 1593 1588 Nigidii
1622 1523 1942 1589 nusquam
1973 1504 2296 1568 invenisse
2321 1504 2496 1588 dieit,
2532 1528 2660 1568 neu
2684 1508 2740 1568 111
2752 1508 2925 1568 eurie
2937 1528 3001 1564 ee

215 1634 314 1676 eos
346 1633 418 1675 se
444 1611 678 1696 legisse
701 1609 1069 1692 adfirmare,
1102 1619 1167 1674 et
1189 1607 1409 1693 XVII,
1440 1607 1502 1690 4,
1540 1607 1640 1692 11,
1675 1630 1762 1689 se,
1802 1611 1970 1671 ‘cum
2005 1607 2528 1673 adulescentulus
2552 1608 2793 1672 Remee
2821 1632 2996 1692 pree-

211 1725 457 1781 textam
488 1724 554 1779 et
590 1713 907 1800 puerilem
948 1722 1166 1798 togam
1196 1711 1526 1777 mutasset'
1571 1711 1685 1796 (cf.
1712 1715 1750 1793 ξ
1780 1710 1865 1798 1),
1899 1733 1938 1774 a
1962 1709 2247 1796 Sulpicio
2272 1711 2632 1796 Apollinari
2668 1716 2993 1788 munitum,

212 1830 429 1906 etyma
457 1840 695 1883 vocum
727 1819 972 1882 ‘vanus’
1008 1825 1071 1881 et
1103 1816 1410 1881 ‘stolidus'
1436 1817 1677 1900 scripta
1707 1837 1849 1880 esse
1879 1816 1947 1879 in
1975 1815 2155 1880 libris
2187 1815 2448 1900 Nigidii,
2484 1840 2560 1880 ee.
2592 1820 2997 1900 requieivieee

211 1934 271 1987 et
305 1925 677 2011 repperisse
718 1922 906 1986 dicit:
968 1922 1049 1986 de
1091 1920 1325 2007 quibus
1363 1919 1522 1985 locis
1571 1918 1727 2003 quid
1777 1919 2278 1985 existimandum
2329 1924 2428 2004 sit,
2480 1924 2644 1984 infre
2684 1944 2744 2008 p.
2793 1920 2865 1984 le
2909 1944 2997 2004 eq.

213 2028 574 2093 ostendam.
638 2027 1073 2110 fragmentum
1106 2033 1341 2109 autem,
1376 2045 1501 2109 quo
1535 2023 1618 2086 de
1648 2045 1854 2108 prava
1884 2025 2318 2109 adspiratione
2348 2028 2560 2108 egitur
2584 2028 2801 2112 (XIII,
2833 2028 2889 2108 e,
2918 2028 3005 2112 2291,

215 2131 383 2217 quod
408 2131 494 2196 ad
518 2131 764 2216 Nigidii
787 2130 827 2196 l.
854 2127 1148 2196 XXIIII.
1175 2129 1410 2213 rettuli,
1429 2127 1471 2213 ¹)
1498 2150 1661 2192 cave
1687 2150 1835 2194 cum
1856 2127 2025 2193 illius
2051 2129 2132 2193 de
2155 2130 2380 2194 litteris
2404 2136 2768 2216 praeceptis
2797 2136 3001 2216 petiue

213 2259 403 2321 quam
431 2258 578 2301 cum
600 2237 701 2318 iis,
733 2257 901 2320 quae
926 2235 1008 2299 de
1033 2243 1309 2299 accentu
1331 2243 1397 2298 et
1420 2233 1881 2318 orthographia
1904 2236 2320 2321 praescripsit
2338 2236 2448 2320 (ef.
2472 2236 2636 2300 Gell.
2656 2236 2845 2316 XIII,
2873 2240 3001 2324 ee),

210 2343 604 2425 coniungere
634 2340 841 2405 malie.
905 2361 1057 2403 nam
1086 2338 1421 2424 Nigidium
1453 2337 1534 2402 ‘h’
1569 2360 1699 2402 non
1730 2347 1871 2402 esse
1901 2338 2201 2422 litteram,
2235 2340 2348 2405 sed
2380 2352 2596 2404 netum
2628 2340 3003 2428 adspiretie-

206 2445 298 2508 nis
327 2444 678 2509 tradidisse
709 2467 748 2508 a
777 2443 984 2508 Mario
1013 2441 1344 2508 Victorino
1377 2453 1421 2506 t.
1449 2441 1587 2524 VI„
1620 2466 1685 2529 p.
1719 2441 1778 2525 8,
1816 2443 1895 2506 16
1925 2442 2094 2509 Keil.
2124 2444 2488 2508 edocemur.

415 2547 549 2615 Sed
581 2550 954 2614 coniectura
984 2569 1130 2612 mea
1162 2547 1365 2613 falsus
1397 2569 1629 2628 essem,
1672 2549 1722 2611 si
1761 2556 1938 2612 recte
1969 2548 2508 2613 Kretzschmerus
2540 2548 2576 2616 l.
2608 2572 2660 2616 e.
2696 2572 2756 2636 p.
2793 2552 2873 2612 5?
2909 2572 3005 2628 ee,

209 2675 371 2738 quae
415 2651 665 2718 Gellius
706 2651 791 2738 II,
852 2653 891 2716 3
931 2653 1226 2738 tradidit,
1275 2653 1360 2717 ad
1399 2653 1735 2736 Nigidium
1785 2663 2114 2718 auctorem
2161 2664 2548 2720 revocasset.
2624 2660 3005 2720 seutentiam

215 2759 383 2823 enim
431 2758 513 2822 de
555 2758 993 2845 adspiratione
1037 2757 1447 2842 singularem,
1490 2779 1656 2842 quae
1688 2757 1810 2821 hoc
1844 2759 2056 2843 capite
2096 2761 2460 2844 exponitur,
2500 2784 2540 2824 a
2572 2760 2881 2840 Verrene,
2925 2760 3005 2824 de

218 2885 341 2948 quo
377 2861 462 2928 cf.
496 2861 744 2928 Charis.
774 2885 836 2949 p.
866 2863 966 2943 73,
1005 2863 1105 2944 17,
1148 2862 1426 2926 alienam
1455 2864 1668 2949 potius
1698 2861 1959 2946 Nigidio
1994 2865 2340 2927 convenire
2372 2868 2640 2948 putarit.
2720 2864 2837 2928 eed
2869 2868 3009 2948 iperi.

210 2970 390 3050 ratic,
436 2990 564 3053 qua
595 2988 732 3031 mos
765 2965 808 3030 h
838 2966 1118 3031 litteram
1163 2966 1505 3052 ‘plerisque
1537 2965 1809 3030 vocibus
1849 2965 2197 3031 verborum
2236 2966 2568 3032 firme-udie
2608 2968 3005 3032 reberendie-

213 3071 354 3156 que'
416 3072 747 3136 inserendi
803 3071 1168 3158 explicatur
1223 3070 1457 3135 ‘studio
1513 3080 1577 3133 et
1631 3070 1927 3157 exemplo
1980 3071 2240 3155 linguae
2284 3071 2592 3152 Attieee',
2652 3096 2801 3136 euin
2857 3083 2925 3136 ut
2969 3096 3009 3136 e«-

209 3175 524 3261 Varronis
535 3225 551 3258 ,
594 3178 686 3240 ita
725 3199 764 3240 a
801 3175 1047 3260 Nigidii
1091 3176 1379 3259 ingenio,
1428 3170 1669 3261 quippe
1717 3177 1826 3260 qui
1872 3176 2068 3239 etiam
2112 3176 2572 3241 vocabulerum
2620 3180 2897 3260 erigiuee
2945 3180 3005 3240 111

212 3283 366 3366 ipsis
403 3279 713 3365 stirpibus
739 3280 992 3344 Latinis
1025 3301 1336 3365 quaerere
1369 3279 1594 3344 solitus
1630 3280 1789 3364 sit,²)
1819 3302 2082 3366 prorsus
2105 3280 2472 3356 abhorreat,
2504 3296 2885 3364 argumente
2913 3294 3005 3344 eet

214 3383 499 3450 Gellium
531 3384 593 3448 11.
617 3385 658 3449 l.
686 3394 1019 3449 auctorem
1050 3385 1472 3448 recentiorem
1505 3392 1799 3448 secutum
1831 3404 1989 3449 esse.

425 3489 894 3573 Fragmentum
933 3489 1020 3570 X,
1062 3488 1106 3551 4
1136 3497 1464 3552 servatum
1495 3488 1794 3572 Eggerus
1836 3487 1875 3551 1.
1905 3509 1959 3552 6.
1986 3511 2049 3574 p.
2076 3488 2161 3553 50
2190 3491 2396 3575 prime
2440 3492 2576 3556 leee
2620 3496 2849 3576 peeuit,
2893 3496 3005 3556 eed

215 3596 432 3660 verbis
470 3593 595 3659 illis
635 3580 1082 3680 etymologiae,
1142 3615 1337 3678 quam
1375 3591 1677 3677 Nigidius
1716 3592 1755 3657 l.
1791 3591 2148 3657 XXVIIII.
2184 3600 2508 3672 tractavit,
2552 3600 2736 3680 quasi
2785 3596 3004 3660 fundum

217 3710 507 3764 mentum
546 3700 672 3762 iaci
715 3708 1218 3763 consentaneum
1257 3707 1370 3762 est.
1435 3697 1608 3783 quod
1636 3699 1688 3761 si
1717 3697 2257 3763 Kretzschmerus
2287 3723 2350 3786 p.
2376 3704 2460 3764 551
2500 3700 2660 3764 haee
2704 3704 2885 3764 dieit:
2937 3708 3005 3764 ⁴*ei

218 3804 357 3886 quis
390 3825 477 3867 ex
509 3805 800 3890 sequenti
829 3805 1038 3890 capite
1063 3802 1300 3868 librum
1331 3802 1904 3868 undetricesimum
1938 3803 2239 3890 supplere
2271 3804 2444 3884 velit,
2476 3808 2599 3872 uiei
2632 3816 3009 3892 argumenta„-

221 3907 479 3972 aliunde
527 3909 726 3994 petito
774 3908 1079 3990 ducatur,
1127 3907 1373 3992 videat,
1433 3929 1516 3970 ne
1563 3906 1805 3972 nubem
1854 3930 1970 3994 pro
2016 3909 2263 3973 Iunone
2309 3912 2576 3996 ceptet’,
2623 3912 2776 3976 1111111
2825 3936 3002 3996 ergu-

222 4020 509 4077 mentum
539 4010 716 4076 haud
748 4011 1183 4098 spernendum
1213 4011 1415 4075 index
1444 4011 1733 4076 locorum
1764 4035 1962 4098 supra
1994 4012 2352 4100 descriptus
2384 4016 2700 4100 praebere
2736 4019 3009 4096 *ri-detur,¹

221 4117 308 4179 ita
336 4125 409 4181 ut
439 4114 563 4180 hoc
593 4115 1028 4201 fragmentum
1058 4115 1143 4180 ad
1173 4116 1214 4180 1.
1240 4115 1598 4181 XXVIIII.
1625 4116 1730 4180 vel
1764 4119 2058 4203 (propter
2090 4118 2282 4184 Gellii
2313 4124 2548 4184 verbe:
2584 4124 2668 4184 ‘iu
2700 4144 2845 4188 euni
2877 4144 3009 4188 rem

230 4220 430 4285 multa
458 4230 845 4305 argumenta
876 4220 1082 4307 dicit')
1115 4220 1198 4284 ad
1228 4222 1524 4308 proxime
1555 4221 2049 4287 antecedentem
2079 4221 2324 4289 referre
2356 4248 2480 4292 neu
2516 4228 2825 4292 dubitem.

428 4325 734 4410 Quinque
762 4324 888 4389 loci
920 4324 1197 4390 Gelliani
1229 4327 1417 4390 certis
1447 4325 1695 4410 Nigidii
1725 4325 1907 4393 libris
1938 4328 2137 4393 tribui
2165 4344 2512 4416 nequeunt.
2580 4356 2849 4416 querum
2885 4344 3013 4396 tree

229 4426 375 4512 (XI,
423 4430 523 4512 11,
568 4427 719 4511 XV,
767 4429 825 4506 3,
873 4430 935 4511 4,
979 4427 1230 4514 XVIII,
1282 4429 1381 4512 14,
1428 4429 1469 4492 6
1510 4431 1681 4517 sqq.)
1734 4433 1802 4495 in
1853 4430 2035 4497 libris
2092 4431 2287 4499 Gellii
2338 4435 2668 4520 leguntur,
2724 4444 2833 4524 qui
2889 4440 3009 4504 alie

432 4639 476 4706 ¹)
512 4639 592 4692 cf.
613 4640 776 4691 etiam
801 4641 1038 4692 adnotat.
1059 4641 1126 4692 ad
1152 4643 1254 4693 hoc
1276 4643 1338 4693 fr.
1364 4643 1737 4710 (XXXVIIII).
1950 4646 1993 4713 2)
2032 4647 2110 4698 Cf.
2133 4649 2315 4700 Hertz.
2335 4650 2368 4700 1.
2392 4668 2428 4700 e.
2452 4672 2488 4700 e.
2512 4672 2560 4720 p.
2584 4656 2664 4704 ΞΠ.
