3225 5092
123 247 183 312 136

121 439 276 524 tempore'
293 437 390 502 tribui
405 460 499 525 posse
521 447 680 522 negarent
694 439 839 504 nonnulli
855 440 1059 523 grammatici
1075 439 1178 525 (velut
1192 438 1233 503 A.
1247 428 1440 523 Gronovius,
1457 439 1511 502 Be·
1599 508 1600 517 ,

121 543 282 629 1111111),
299 565 476 628 pronomen
493 542 575 608 ‘hoc'
591 544 802 609 inserendum
819 566 889 608 esse
904 553 1111 630 putaverunt.
1139 553 1173 608 at
1187 553 1277 608 recte
1290 545 1439 628 cognovit
1454 547 1514 608 1111
1599 608 1600 621 ,

14 711 15 714 ,
120 647 339 732 Wopkensius
359 647 403 732 (v.
426 648 608 713 Frotscher.
628 647 671 731 H,
699 648 738 712 13
760 648 824 735 sq.)
844 651 887 712 ‘in
911 649 1064 734 tempore’
1093 649 1267 735 aliquando
1294 650 1381 714 idem
1408 649 1513 713 valere

120 751 205 836 quod
229 753 272 816 ‘in
292 750 353 817 hoe
369 752 534 838 tempore',
556 752 711 836 adquam
731 774 799 817 rem
821 752 1106 818 demonstrandam
1121 752 1265 837 legentes
1274 753 1323 818 ad
1339 754 1417 818 Tac.
1429 753 1512 818 Anu.

121 856 170 938 12,
183 857 224 920 46
241 859 315 921 ‘non
329 856 472 922 abnuere
489 879 604 942 paoem
620 856 769 941 Hiberos,
790 879 987 942 quamquam
1006 860 1201 943 intempore
1224 857 1406 923 validiores'
1423 857 1512 924 alios·

14 965 15 968 ’
119 983 180 1046 que
202 963 395 1047 scriptorum
417 960 578 1026 inferioris
600 963 713 1025 aetatis
733 961 819 1025 locos
841 962 1013 1046 delegavit.
1044 983 1084 1026 11
1109 963 1245 1027 fortasse
1267 963 1304 1027 id
1325 984 1452 1049 quoque
1473 963 1513 1027 ad
1599 998 1601 1039 ,

120 1065 319 1130 fulciendam
339 1069 533 1151 scripturam
554 1066 705 1130 traditam
725 1066 846 1130 adferri
866 1077 981 1152 potest,
1001 1068 1161 1132 Iustinum
1181 1070 1310 1152 saepius
1327 1090 1423 1153 quam
1438 1068 1514 1132 alios

119 1173 289 1256 scriptores
312 1171 501 1256 pronomina
532 1172 677 1235 omittere
705 1169 816 1234 solere.
851 1173 895 1236 111
919 1171 967 1252 13,
990 1170 1020 1256 8,
1044 1172 1190 1236 3‘etiam
1212 1171 1351 1258 prodere
1376 1173 1513 1257 partium

119 1277 297 1339 exereitum
317 1275 427 1339 voluit’
444 1295 621 1360 pronomen
637 1275 786 1339 ‘suarum’
804 1276 958 1340 omissum
973 1297 1070 1358 aegre
1086 1275 1227 1340 ferimus.
1256 1276 1355 1340 multo
1371 1276 1514 1341 crebrius

119 1388 228 1442 autem
244 1379 434 1464 pronomina
448 1378 615 1444 indefinita
631 1377 868 1464 desiderantur,
885 1378 974 1442 velut
989 1379 1019 1463 6,
1034 1379 1063 1462 7,
1077 1379 1094 1442 7
1112 1380 1176 1443 ‘eui
1191 1402 1251 1465 par
1262 1391 1337 1443 ante
1349 1381 1418 1444 dies
1435 1382 1469 1468 (1.
1484 1403 1512 1466 q.

118 1492 191 1547 1111
208 1485 329 1569 aliquot
351 1483 434 1565 11111)
451 1485 601 1546 universa
621 1485 771 1546 iuventus
792 1505 863 1546 esse
881 1505 945 1547 non
960 1484 1085 1568 potuit'.
1117 1493 1150 1547 et
1169 1483 1263 1548 huius
1278 1487 1407 1568 generis
1422 1484 1513 1549 multi

118 1597 287 1672 praeterea
303 1597 432 1652 exstant
452 1585 522 1651 loci.
555 1587 672 1650 deinde
692 1589 888 1672 praepositio
904 1588 957 1650 ‘in’
973 1586 1116 1652 ablativo
1131 1587 1327 1674 adiungitur,
1348 1589 1413 1674 ubi,
1429 1591 1513 1653 intra

118 1693 203 1777 quod
216 1703 343 1778 tempus
357 1692 480 1778 aliquid
495 1693 616 1757 factum
633 1694 682 1774 sit,
699 1693 860 1756 indicatur
872 1693 970 1774 velut,
987 1693 1038 1770 44,
1056 1692 1086 1775 2,
1105 1693 1122 1755 7
1141 1694 1184 1757 ‘in
1198 1703 1290 1758 tanta
1310 1693 1512 1758 saeculorum

118 1798 220 1860 serie’.
260 1797 300 1861 ad
329 1797 465 1861 eandem
494 1819 561 1859 rem
590 1797 837 1881 exprimendam
859 1797 1002 1860 Iustinus
1025 1798 1122 1861 etiam
1144 1799 1382 1883 praepositione
1408 1799 1510 1862 ‘intra’

121 1904 228 1982 utitur,
251 1924 347 1986 quam
370 1902 484 1966 eodem
505 1923 601 1964 sensu
622 1923 683 1963 nec
704 1901 819 1966 Cicero
839 1924 900 1964 neo
920 1900 1042 1966 Caesar
1062 1911 1274 1995 usurparunt:
1295 1903 1325 1984 3,
1339 1902 1401 1988 1,2
1418 1903 1513 1967 ‘intra

118 2007 183 2069 XV
205 2006 345 2088 anuum’,
370 2006 418 2086 12,
436 2006 467 2085 5,
489 2005 528 2068 12
550 2008 643 2070 ‘intra
664 2006 770 2087 diem',
793 2005 913 2086 1115,
935 2007 949 2068 l
969 2009 1063 2070 ‘intra
1081 2007 1185 2071 XXX
1205 2008 1346 2088 annum’,
1370 2018 1403 2072 11
1421 2031 1512 2095 prae-

125 2110 260 2172 cedente
278 2110 434 2175 adverbio
450 2110 607 2175 numerali
624 2110 673 2195 14,
687 2112 717 2190 4,
731 2112 750 2174 3
768 2113 828 2174 ‘ter
842 2111 928 2175 intra
943 2110 1029 2182 hunc
1045 2113 1186 2177 annum'.

229 2215 267 2276 11
281 2237 342 2277 111
353 2212 487 2278 ablativi
500 2215 774 2279 substantivorum
784 2214 925 2297 bellum,
935 2215 1100 2300 proelium,
1110 2217 1229 2300 pugna'
1238 2216 1437 2302 aliorumque
1446 2221 1514 2282 eius

118 2320 245 2402 generis
262 2319 403 2382 Iustinus
428 2340 492 2381 non
515 2319 650 2382 multum
674 2319 871 2404 discrepata
888 2320 992 2401 Livio,
1016 2320 1057 2382 de
1078 2342 1140 2404 quo
1164 2319 1311 2385 conferas
1327 2321 1511 2388 Kuehnast.

116 2446 148 2509 p.
165 2421 234 2486 181.
266 2421 363 2486 modo
379 2425 463 2487 enim
481 2422 566 2486 solus
582 2431 757 2509 usurpatur
772 2422 934 2488 ablativus
946 2425 1036 2508 isque
1048 2433 1116 2486 tum
1129 2425 1281 2506 maxime,
1298 2427 1325 2488 si
1340 2425 1422 2489 haec
1437 2426 1512 2490 sub-

116 2529 256 2590 stantiva
281 2549 354 2591 cum
377 2526 546 2590 adieetivis
570 2528 741 2592 coniuncta
764 2537 849 2608 sunt,
872 2527 962 2592 velut
985 2529 1016 2612 2,
1039 2528 1088 2612 11,
1109 2527 1129 2590 2
1147 2529 1360 2593 ‘Marathonia
1380 2531 1511 2615 pugna',

115 2630 145 2712 b,
159 2631 189 2712 b,
203 2631 222 2692 6
236 2632 352 2716 ‘priore
368 2631 474 2712 bello',
492 2630 544 2715 32,
557 2630 588 2716 4,
602 2630 621 2694 6
636 2634 790 2695 ‘terrestri
806 2630 912 2714 bello',
929 2634 960 2714 5,
973 2632 1003 2714 4,
1017 2632 1036 2695 8
1053 2631 1113 2695 ‘his
1129 2632 1277 2696 omnibus
1293 2633 1442 2719 proeliis',
1463 2636 1512 2718 13,

14 2769 15 2772 ¹
115 2733 144 2817 5,
157 2735 179 2797 4
195 2737 346 2820 ‘equestri
360 2729 502 2822 proelio’,
523 2735 617 2800 modo
633 2738 828 2821 praepositio
845 2737 896 2800 ‘in’
913 2736 1112 2822 praefigitur,
1129 2736 1219 2801 velut
1230 2737 1260 2822 5,
1272 2738 1304 2820 4,
1317 2738 1351 2820 2,
1367 2738 1419 2824 22,
1432 2738 1464 2821 2,
1478 2740 1511 2821 2,

118 2839 166 2921 11,
180 2839 210 2920 2,
225 2839 257 2919 8,
275 2840 325 2919 27,
338 2839 368 2922 3,
383 2839 415 2919 73
432 2839 484 2921 43,
499 2840 527 2922 1,
544 2840 581 2902 11
595 2839 635 2904 al.

218 2945 256 3006 ln
273 2945 318 3007 eis
335 2965 417 3028 quae
433 2943 540 3027 adhue
553 2943 593 3008 de
606 2943 740 3008 ablativi
753 2943 939 3029 temporalis
954 2967 1013 3008 usu
1025 2944 1210 3024 adtulimus,
1225 2946 1367 3010 Iustinus
1379 2947 1511 3031 paulum

114 3058 168 3112 aut
192 3050 321 3112 omnino
344 3069 408 3111 non
432 3047 581 3112 dictionis
605 3048 916 3133 elegantissimorum
937 3051 1130 3135 scriptorum
1155 3051 1334 3114 communis
1357 3053 1511 3116 terminos

114 3153 288 3234 egreditur.
325 3152 381 3216 sed
404 3154 468 3218 iam
488 3153 530 3216 ad
550 3175 644 3217 usum
665 3152 892 3222 illustrandum
912 3155 1129 3239 pervenimus,
1151 3176 1247 3240 quem
1267 3154 1320 3219 ille
1339 3156 1511 3241 amplexus

115 3259 212 3321 estin
229 3259 381 3342 temporis
398 3257 608 3322 diuturnitate
625 3258 848 3344 exprimenda.
877 3280 941 3343 qua
956 3261 987 3322 in
1004 3281 1039 3323 re
1056 3282 1129 3324 cum
1145 3259 1362 3344 probatissimi
1377 3263 1511 3346 scripto·
1599 3279 1601 3290 ²

113 3385 164 3425 res
180 3362 366 3426 accusativo
381 3371 437 3427 aut
452 3363 518 3428 solo
531 3372 673 3428 autenm
686 3363 927 3449 praepositione
936 3364 1013 3450 ‘per’
1027 3365 1198 3428 coniuncto
1211 3366 1258 3428 uti
1271 3367 1509 3448 consueverint,

112 3465 253 3529 Iustinus
269 3465 323 3531 illa
336 3475 497 3533 structura
508 3467 604 3553 plane
616 3466 765 3552 evitata¹)
778 3467 864 3532 hanc
879 3467 1011 3552 quidem
1022 3468 1173 3551 admittit,
1190 3468 1248 3533 sed
1260 3469 1355 3553 longe
1367 3471 1510 3534 maxime

112 3571 296 3655 frequentat
320 3570 508 3651 ablativum,
539 3575 594 3658 qui
622 3573 710 3659 apud
738 3573 911 3658 scriptores
934 3572 1035 3638 bonos
1056 3574 1235 3651 rarissime,
1266 3575 1454 3658 saepissime
1477 3576 1511 3638 in

113 3677 227 3739 aetatis
249 3686 421 3759 argenteae
438 3700 586 3742 sermone
602 3680 762 3763 reperitur
778 3687 810 3740 et
825 3699 928 3761 usque
943 3676 986 3741 ad
1001 3685 1164 3762 postrema
1179 3677 1345 3742 latinitatis
1360 3686 1510 3764 tempora
1599 3707 1601 3738 1

112 3779 329 3866 1111111112)
350 3792 548 3868 quantopere
576 3792 683 3846 autem
704 3782 847 3848 Iustinus
871 3781 956 3845 hane
980 3790 1176 3846 structuram
1198 3781 1369 3868 amplexus
1392 3785 1444 3867 111,
1466 3785 1512 3847 in·
1599 3860 1601 3885 ,

111 3884 254 3968 telleges,
280 3886 306 3948 si
331 3887 408 3950 satis
430 3908 585 3971 magnum
607 3886 842 3972 exemplorum,
867 3907 950 3971 quae
974 3884 1098 3970 collegi,
1123 3908 1295 3951 numerum
1313 3889 1509 3972 inspexeris:

114 3990 141 4070 1,
160 3989 188 4071 2,
209 3991 248 4052 13
266 3991 448 4076 ‘imperium
469 3989 748 4076 Assyrii...mille
768 3992 921 4054 trecentis
944 3992 1037 4055 annis
1057 3991 1211 4072 tenuere‘,
1234 3993 1263 4074 1,
1280 3990 1310 4068 6,
1330 3991 1368 4054 11
1388 3994 1509 4076 ‘regna
1599 3979 1601 4013 ²

215 4201 234 4264 1)
249 4201 276 4250 Si
294 4202 429 4266 exceperis
446 4200 535 4250 locum
551 4202 572 4263 1,
583 4202 608 4265 2,
621 4203 660 4263 10,
678 4201 711 4250 de
724 4216 776 4266 quo
789 4201 851 4250 vide
864 4217 888 4267 p.
902 4203 960 4263 131,
987 4201 1091 4250 duobus
1103 4203 1200 4251 ceteris
1212 4203 1237 4264 2,
1250 4203 1289 4264 10,
1302 4203 1333 4250 12
1351 4206 1379 4251 11
1394 4202 1438 4264 40,
1448 4204 1472 4264 2,
1483 4204 1509 4264 3,
1599 4175 1601 4228 l

111 4287 157 4336 ubi
170 4287 306 4337 nonnullis
319 4287 453 4337 codicibus
466 4287 554 4337 nudus
566 4289 733 4337 accusativus
744 4288 937 4354 suppeditatur,
950 4303 997 4337 suo
1011 4289 1069 4336 iure
1078 4287 1211 4338 Ruehliue
1224 4288 1366 4338 meliorum
1379 4287 1509 4338 librorum

111 4376 266 4439 scripturam
280 4380 387 4425 secutus
400 4374 484 4425 altero
498 4375 558 4425 loco
571 4374 728 4437 ablativum,
741 4374 826 4425 altero
839 4376 1064 4440 praepositionem
1078 4375 1141 4441 ‘per'
1153 4376 1277 4425 restituit.

214 4461 233 4524 2)
248 4462 291 4510 Sic
303 4462 411 4512 Lucifer
429 4464 569 4529 episcopus
581 4461 759 4512 Sardiniensis
777 4463 877 4527 ubique
894 4462 959 4512 dicit
972 4463 1077 4528 ‘viginti
1089 4467 1216 4527 quattuor
1232 4463 1310 4512 annis
1321 4463 1455 4528 regnare’3
1473 4462 1509 4512 cf.

110 4547 140 4596 G.
152 4547 300 4596 Hartelium
314 4549 342 4597 in
352 4549 514 4599 Woelfflinii
526 4550 625 4600 archiv.
640 4550 716 4612 1111,
729 4567 754 4615 p.
765 4551 806 4599 43.
829 4551 936 4600 nisime
954 4551 1043 4600 omnia
1059 4549 1166 4611 fallunt,
1182 4549 1228 4599 hie
1244 4548 1358 4600 ablativi
1374 4566 1438 4601 usus
1454 4552 1508 4615 pri·

110 4636 190 4683 mitus
203 4638 231 4682 in
244 4651 364 4686 sermone
377 4641 449 4686 ortus
462 4643 501 4687 est
513 4638 619 4704 vulgari
632 4638 734 4689 atinde
746 4642 774 4690 in
787 4653 936 4692 sermonem
950 4638 1089 4688 cultiorem
1102 4639 1222 4703 inrepsit.
