3225 5092
143 426 330 492 Germanici
351 427 562 514 interpolatas
584 449 653 492 esse
670 437 803 493 constet.
812 429 835 514 ¹)
865 428 1010 493 fabulam
1026 438 1143 506 autem,
1164 451 1248 514 quae
1264 439 1313 493 est
1329 429 1369 494 de
1384 431 1490 496 Icario
1508 436 1552 496 et¹

144 533 302 618 Erigone,
328 554 425 616 quam
447 532 488 596 ad
510 531 701 616 ‘Catalogos'
722 531 947 597 Eratosthenis
970 532 1076 596 redire
1095 533 1258 618 Langium
1279 534 1299 598 l.
1321 557 1348 598 e.
1364 557 1395 620 p.
1413 536 1456 600 52
1475 559 1541 601 non

142 638 279 721 fugerat,
301 659 365 700 non
386 637 560 721 eNigidio,
582 637 639 700 sed
661 659 702 700 ex
719 637 833 702 eodem
852 637 949 718 fonte,
970 659 1033 722 quo
1049 636 1267 722 Apollodorus
1292 662 1369 703 usus
1389 649 1438 705 est
1453 640 1539 706 Bibl.

143 741 203 824 III,
222 742 271 823 14,
289 741 318 822 7,
334 741 483 804 haustam
500 763 570 804 esse
585 740 746 804 Robertus
766 750 855 805 recte
874 741 1105 807 animadvertit
1120 740 1139 805 l.
1153 766 1177 805 s.
1192 765 1215 806 s.
1228 764 1259 829 p.
1273 743 1323 822 39,
1340 744 1414 808 adn.
1452 746 1540 831 quod

19 813 41 908 l⁸
142 854 250 910 autem
272 848 305 909 in
332 844 397 909 fab.
417 844 488 908 177.
509 844 645 929 legimus
669 843 875 910 Callistonem
899 849 933 909 in
953 869 1062 910 ursam
1084 855 1241 911 mutatam
1262 849 1347 913 inter
1366 848 1474 913 sidera
1492 872 1539 913 re-

143 958 270 1035 ceptam
294 971 377 1031 esse,
402 949 565 1015 diversam
588 950 629 1014 de
652 950 714 1014 hoc
737 949 843 1014 sidere
863 949 1012 1034 Nigidius
1035 949 1166 1035 protulit
1186 954 1393 1034 sententiam,
1414 953 1455 1018 de
1476 977 1540 1040 qua

141 1054 225 1118 infra
249 1053 430 1138 disputabo.
470 1055 525 1140 qui
552 1076 628 1119 vero
651 1054 819 1138 Nigidium
842 1063 1004 1120 auctorem
1028 1063 1158 1119 secutus
1181 1065 1243 1138 est,
1267 1079 1462 1143 quamquam
1485 1058 1539 1122 ille

142 1158 287 1222 diversas
304 1159 401 1222 etiam
412 1161 576 1222 variorum
592 1161 785 1244 scriptorum
801 1159 1033 1244 explicationes
1044 1159 1166 1224 referre
1182 1159 1315 1245 solebat,
1332 1170 1449 1241 tamen,
1466 1164 1538 1246 nisi,

140 1273 176 1327 ut
200 1263 373 1328 Dositheus
397 1262 440 1349 (c.
461 1263 568 1349 ΠΗ),
597 1263 778 1329 levissimus
800 1264 861 1327 fuit
883 1273 1070 1349 excerptor,
1095 1264 1224 1349 qualem
1250 1267 1283 1328 in
1307 1275 1472 1351 quattuor,
1496 1268 1537 1332 de

143 1367 261 1452 quibus
278 1367 372 1432 modo
394 1370 455 1453 egi,
476 1368 594 1433 fabulis
615 1368 781 1433 tradendis
801 1367 1012 1454 interpolator
1033 1391 1066 1433 se
1086 1391 1151 1433 non
1170 1367 1331 1453 praebuit,
1352 1393 1414 1435 non
1437 1376 1540 1457 potuit

141 1494 213 1536 eam
228 1472 400 1556 neglegere
417 1472 680 1558 explicationem,
702 1495 799 1559 quam
815 1482 941 1554 auctor,
965 1495 1061 1558 quem
1082 1482 1212 1538 secutus
1234 1483 1297 1556 est,
1319 1477 1433 1539 ceteris
1448 1498 1539 1560 prae-

81 1623 83 1626 -
144 1576 271 1641 tulerat.
309 1577 349 1640 de
370 1576 501 1641 Arionis
522 1577 662 1662 denique
682 1577 793 1641 fabula
813 1576 921 1641 adhuc
940 1576 1037 1662 valet,
1060 1578 1145 1663 quod
1161 1577 1337 1643 Merkelius
1354 1579 1489 1665 (proleg.
1506 1583 1540 1645 in

141 1679 237 1745 Ovid.
250 1682 338 1745 Fast.
357 1704 386 1766 p.
401 1681 649 1768 LXXXVIIII)
671 1681 767 1768 dixit,
791 1684 862 1766 quis
883 1705 954 1747 eam
977 1682 1121 1746 fabulam
1141 1683 1183 1746 ad
1204 1704 1321 1748 novem
1340 1683 1410 1747 illas
1431 1683 1539 1748 stellas

145 1785 449 1866 accommodaverit,
479 1785 702 1870 ‘ignorandum
729 1786 820 1850 esse'.
851 1789 884 1850 in
907 1785 1091 1871 Astrologia
1117 1787 1248 1872 quidem
1273 1787 1399 1873 Hygini
1430 1811 1459 1874 p.
1486 1788 1539 1871 57,

143 1889 279 1970 11-58,
299 1888 421 1954 411555
441 1888 553 1954 fabula
575 1889 671 1976 paulo
695 1890 788 1955 aliter
811 1900 971 1955 narratur.
1002 1891 1059 1955 sed
1083 1913 1188 1976 neque
1211 1890 1295 1956 hanc
1320 1894 1538 1957 narrationem

140 1995 233 2076 mihi,
257 2004 292 2058 ut
315 1993 487 2079 Merkelio,
512 1993 680 2080 probabile
703 1995 834 2059 videtur
858 2016 899 2058 cx
923 1992 1043 2059 Ovidio
1068 1993 1170 2080 (Fast.
1191 1993 1235 2077 ΙΙ,
1256 1994 1420 2084 83-118)
1443 1998 1537 2061 inter-

140 2099 281 2185 polatam
298 2121 368 2163 esse
385 2119 490 2184 neque
506 2098 547 2163 de
563 2098 664 2163 altera
679 2099 713 2162 id
730 2107 872 2163 statuere
887 2099 970 2164 lieet.

244 2203 430 2268 Dolendum
443 2203 581 2288 denique
598 2213 655 2285 est,
672 2203 759 2289 quod
772 2223 855 2288 quae
870 2205 964 2285 iniis,
982 2225 1065 2289 quae
1078 2204 1166 2289 apud
1174 2204 1307 2289 Lydum
1322 2205 1383 2269 ‘De
1396 2208 1536 2271 ostentis’

19 2385 20 2396 ἶ
141 2331 211 2394 cap.
225 2306 244 2370 9
262 2318 293 2371 51
316 2307 384 2394 102)
405 2306 606 2393 praecedunt
627 2307 736 2371 verbis
753 2306 797 2393 (p.
811 2307 863 2390 30,
876 2307 897 2370 2
912 2307 1013 2393 sqq.):
1029 2314 1138 2372 τοιαῦτά
1152 2332 1212 2374 τινα
1227 2311 1251 2371 οἱ
1267 2311 1327 2391 περὶ
1344 2312 1388 2372 τὸν
1401 2313 1537 2388 Ῥωμαῖον

139 2416 272 2495 Βάρρωνα
299 2413 422 2492 Napaios
444 2435 474 2473 τε
496 2413 542 2473 καὶ
566 2415 732 2488 Ἀπουλήιον
756 2415 925 2494 apodiatas,
959 2413 1083 2496 Nigidii
1106 2414 1184 2493 sint,
1215 2415 1364 2479 omnibus
1387 2414 1537 2479 subsidiis

140 2516 461 2600 destitutidispicere
477 2519 657 2602 nequimus,
673 2518 865 2601 praesertim
882 2538 967 2597 cum,
983 2525 1019 2580 ut
1030 2516 1145 2601 Lydus
1161 2539 1192 2603 p.
1206 2517 1236 2602 6,
1254 2518 1294 2581 18
1306 2519 1459 2603 Figulum
1474 2543 1537 2584 una

141 2643 214 2685 cum
228 2619 382 2684 Labeone
399 2619 557 2706 producit,
580 2623 634 2706 qui
650 2617 835 2684 sine'dubio
850 2621 920 2706 ipse
935 2620 1025 2685 illum
1042 2631 1362 2705 commemoraverat,
1382 2625 1427 2687 ita
1442 2627 1536 2689 etiam

19 2771 23 2818 4
138 2725 200 2790 hoc
215 2726 284 2790 loco
300 2747 319 2789 5
333 2723 429 2809 Lydo
452 2727 583 2788 nomina
599 2725 752 2789 Varronis
776 2734 809 2788 et
823 2724 946 2809 Nigidii
965 2726 1057 2789 iuxta
1073 2724 1247 2810 Apuleium
1270 2726 1343 2790 ideo
1367 2730 1444 2812 poni
1467 2751 1536 2813 pro-

19 2905 20 2910 ,
139 2829 246 2895 babile
268 2831 323 2912 sit,
348 2828 434 2914 quod
456 2826 509 2892 hic
532 2829 740 2914 philosophus
761 2829 986 2893 Madaurensis
1006 2828 1076 2894 illos
1096 2839 1244 2894 auctores
1265 2833 1434 2916 primarios
1454 2832 1533 2896 indi-

140 2942 279 3018 caverat,
297 2934 338 2997 ad
355 2956 435 3018 quos
449 2957 526 2998 num
542 2944 650 3019 partes
667 2933 780 2998 horum
797 2937 940 3019 capitum
955 2943 988 2999 et
999 2955 1082 3019 quae
1095 2944 1203 3020 partes
1214 2933 1405 3000 referendae
1418 2948 1534 3022 essent,

138 3041 207 3124 ipse
223 3037 419 3102 Laurentius
440 3039 605 3121 ignorasse
621 3037 760 3101 videtur.
792 3039 883 3101 cuius
898 3039 946 3102 rei
962 3060 1036 3102 cum
1051 3059 1125 3121 non,
1150 3049 1185 3102 ut
1204 3061 1264 3123 par
1282 3048 1361 3121 erat,
1381 3043 1538 3106 rationem

19 3191 21 3200 ,
138 3141 275 3206 haberet
290 3140 566 3223 Wachsmuthius,
592 3149 628 3204 ut
648 3139 776 3225 singula
795 3140 928 3225 singulis
948 3141 1106 3205 tribueret
1125 3143 1322 3225 auctoribus,
1344 3144 1465 3208 frustra
1486 3146 1536 3210 de-

19 3281 20 3322 }
139 3247 277 3312 sudavit.
316 3247 385 3311 veri
409 3246 511 3310 simile
535 3248 619 3310 enim
641 3256 689 3310 est
708 3245 882 3331 Apuleium
903 3255 936 3310 et
955 3268 1067 3311 eorum
1087 3246 1255 3332 nonnulla,
1284 3258 1320 3312 ut
1342 3271 1406 3313 non
1431 3249 1538 3314 dicam

19 3435 20 3440 η
138 3354 253 3433 omnia,
277 3373 360 3437 quae
376 3351 419 3416 ad
435 3349 656 3416 Ptolemaeum
671 3349 724 3414 vel
741 3349 782 3414 ad
800 3350 938 3415 Plinium
955 3350 1061 3415 redire
1077 3350 1343 3417 Wachsmuthius
1358 3355 1391 3417 in
1406 3353 1538 3418 adnota-
1594 3402 1595 3409 .

139 3459 224 3520 tione
241 3456 394 3541 ostendit,
416 3478 499 3540 quae
521 3465 569 3518 est
587 3456 729 3519 maxima
745 3455 859 3519 horum
876 3457 1018 3541 capitum
1037 3478 1123 3540 pars,
1143 3457 1250 3540 ipsum
1270 3456 1414 3521 attulisse
1434 3468 1467 3522 et
1490 3481 1538 3541 ea,

139 3581 221 3647 quae
245 3583 277 3644 p.
299 3559 384 3624 XXI
409 3557 676 3624 Wachsmuthius
705 3559 746 3622 ad
775 3581 849 3624 eum
876 3568 965 3623 recte
991 3559 1114 3624 rettulit
1139 3559 1184 3646 (p.
1207 3560 1261 3643 25,
1283 3561 1399 3647 19-p.
1418 3562 1471 3647 27,
1493 3563 1538 3647 2),

19 3679 21 3708 ³
137 3663 367 3728 vetustioribus
389 3663 576 3728 auctoribus
597 3663 705 3749 aliqua
728 3687 770 3728 ex
793 3672 886 3749 parte
902 3663 1017 3727 saltem
1039 3662 1169 3728 debere.
1206 3665 1263 3729 sed
1280 3665 1539 3750 WachsmuthiO,

140 3791 213 3832 cum
230 3768 312 3832 haec
329 3777 360 3831 et
376 3785 491 3852 pauca,
509 3790 591 3853 quae
604 3767 786 3852 Campestri
802 3789 872 3832 esse
887 3791 918 3853 p.
931 3767 1067 3832 XXVII
1079 3768 1198 3853 docuit,
1214 3768 1256 3833 ab
1274 3769 1335 3833 hac
1352 3774 1540 3855 quaestione
1594 3836 1595 3839 ,

136 3872 333 3952 seclusisset,
359 3881 489 3956 praeter
508 3874 704 3956 paucissima
723 3872 885 3957 quaedam
904 3871 1082 3937 Chaldaica
1103 3873 1295 3957 astrologica
1315 3873 1361 3959 (p.
1382 3873 1431 3956 18,
1451 3876 1537 3938 1-9

19 3973 20 4052 J
137 3985 213 4062 etp.
227 3976 278 4058 24,
295 3975 424 4061 12-p.
438 3976 490 4062 25,
509 3975 573 4061 19),
596 3999 679 4062 quae
694 3975 816 4060 Nigidii
837 3999 908 4040 esse
928 3999 1033 4063 neque
1053 3998 1186 4066 negare,
1199 3986 1236 4041 ut
1254 3976 1308 4042 ille
1324 3979 1412 4063 fecit,
1429 4001 1538 4065 neque
1594 4072 1595 4075 Ἴ

241 4187 260 4252 1)
275 4187 471 4238 0111055155
488 4187 506 4236 l.
518 4203 539 4237 c.
550 4205 575 4252 p.
588 4189 627 4250 17,
643 4187 702 4238 adn.
717 4189 757 4250 26,
768 4205 792 4252 p.
805 4191 846 4249 13,
856 4188 916 4237 adn.
933 4188 972 4237 18.
998 4194 1091 4237 contra
1108 4189 1177 4238 hanc
1194 4191 1355 4238 sententiam
1373 4189 1462 4239 facere
1483 4206 1539 4239 non

135 4275 261 4324 videntur
279 4275 476 4339 discrepantiae
492 4274 619 4341 pusillae,
642 4274 735 4340 quales
756 4275 807 4324 hae
826 4280 900 4324 sunt:
922 4275 974 4324 fab.
993 4276 1049 4337 196,
1066 4293 1091 4340 p.
1109 4277 1165 4338 125,
1183 4277 1226 4324 19:
1245 4278 1335 4341 ‘quem
1355 4276 1426 4325 lovis
1444 4282 1540 4342 postea

135 4361 248 4411 fulmine
261 4361 417 4425 interfecit,
435 4367 464 4411 at
480 4363 509 4410 in
521 4360 622 4411 scholio
636 4379 660 4426 p.
671 4363 738 4422 88,8
753 4361 874 4412 ‘consilio
887 4362 967 4412 deum
980 4364 1121 4427 repentino
1134 4363 1167 4411 ab
1180 4364 1212 4412 iis
1225 4363 1381 4429 discerptus,
1396 4363 1428 4412 cf.
1440 4381 1464 4429 p.
1480 4367 1540 4426 157,

19 4509 20 4512 Ἴ
135 4451 164 4513 4,
177 4449 229 4498 fab.
242 4449 298 4510 197,
311 4465 335 4514 p.
352 4450 406 4512 126,
417 4450 432 4496 3
447 4464 535 4511 ovum,
549 4451 625 4498 euius
635 4450 735 4499 mentio
748 4449 785 4512 fit,
799 4450 832 4499 de
842 4448 917 4500 caclo
928 4449 1056 4499 cecidisse
1066 4449 1171 4513 dicitur,
1184 4451 1212 4500 id
1222 4451 1293 4515 quod
1303 4452 1332 4499 in
1343 4450 1445 4501 scholio
1455 4451 1540 4500 deest.

247 4535 267 4604 2)
285 4536 336 4587 His
354 4537 487 4602 capitibus
504 4536 536 4586 de
554 4541 697 4598 astrorum,
719 4538 840 4602 inprimis
857 4537 920 4586 solis
941 4542 968 4586 et
988 4542 1159 4600 cometarum,
1180 4538 1208 4586 vi
1225 4537 1318 4588 adres
1336 4538 1439 4588 futuras
1456 4539 1542 4604 signi-

134 4623 252 4674 ficandas
264 4625 359 4688 agitur.
