3225 5092
1479 238 1542 302 209

145 432 240 498 Blass
265 432 343 496 Ant.
360 430 408 495 VI
430 431 471 496 35
496 433 645 498 codicum
667 432 839 496 lectionem
863 431 906 513 ἄρ’
930 434 1053 517 recepit
1075 452 1133 517 pro
1160 429 1226 495 leni
1247 431 1369 495 Baiteri
1393 430 1541 496 emenda-

145 539 231 602 tione
247 542 310 618 γάρ.
925 528 926 533 ’

249 640 316 705 Sed
334 664 417 706 unus
433 640 612 707 Andocidis
632 641 723 706 locus
747 642 904 707 obsistere
924 638 1054 704 videtur
1069 639 1122 704 14
1137 636 1214 714 οὗτος
1231 642 1284 723 ἄρα
1298 642 1464 718 βουλήσεται
1479 642 1540 722 περὶ

144 754 190 810 τοῦ
205 753 332 824 σώματος
346 752 391 808 τοῦ
408 749 503 807 ἑαυτοῦ
518 748 700 827 κινδυνεῦσαι,
715 745 773 810 ubi
788 746 977 832 pronomine
993 742 1070 819 οὗτος
1084 746 1118 808 in
1133 746 1291 831 principio
1308 746 1464 809 enuntiati
1480 744 1541 809 col-

145 852 249 915 locato
265 852 302 928 is,
319 850 360 915 de
377 872 439 935 quo
456 849 583 915 duobus
598 849 753 914 membris
769 851 927 913 enuntiati
943 849 1069 914 relativi
1085 851 1267 934 praegressi
1283 850 1465 934 expositum
1481 858 1539 931 est,

144 957 262 1020 iterum
277 956 474 1036 nominatum
499 954 607 1040 qualia
627 956 793 1018 enuntiata
814 963 870 1017 aut
890 975 963 1018 cum
980 952 1258 1017 coniunctionibus
1275 942 1469 1017 conclusivis
1485 963 1541 1017 aut

145 1062 213 1123 sine
230 1058 295 1123 ulla
312 1060 536 1123 coniunctione
553 1058 746 1141 adiciuntur,
764 1057 805 1123 cf.
820 1057 836 1120 Ι
854 1058 904 1140 10,
922 1058 972 1137 74,
989 1057 1041 1126 ΙΙΙ
1057 1058 1087 1139 6,
1103 1059 1148 1121 ita
1163 1065 1198 1120 ut
1214 1057 1348 1122 dubium
1368 1059 1417 1141 sit,
1433 1065 1540 1121 utrum

145 1163 224 1228 illud
241 1167 293 1244 ἄρα
308 1185 367 1249 pro
384 1165 607 1227 coniunctione
623 1162 812 1227 habendum
829 1164 870 1225 sit
885 1184 927 1226 an
943 1160 1010 1226 sola
1027 1162 1056 1225 ei
1071 1164 1121 1234 vis
1141 1160 1336 1227 adverbialis
1356 1161 1539 1226 tribuenda.

143 1270 171 1345 si
186 1276 296 1332 autem
310 1267 479 1332 nobiscum
495 1268 755 1353 reputaverimus
777 1266 864 1351 apud
881 1266 1084 1331 Andocidem
1107 1268 1236 1351 saepius
1256 1267 1539 1350 interrogationem

144 1373 395 1456 interrogatione
419 1373 569 1443 ἀσυνδέτως
593 1373 711 1457 excipi,
735 1370 836 1436 veluti
859 1370 875 1434 I
902 1370 973 1455 138,
997 1394 1036 1435 ac
1059 1380 1205 1456 tempore
1224 1371 1277 1435 illo
1300 1370 1423 1435 nullum
1443 1370 1538 1455 plane

144 1476 250 1541 locum
265 1476 410 1561 reperiri,
427 1497 490 1561 quo
512 1480 565 1559 ἄρα
584 1477 757 1561 aperte'sit
778 1477 971 1558 coniunctio,
991 1498 1032 1539 ne
1052 1476 1139 1540 hunc
1155 1476 1286 1561 quidem
1303 1474 1411 1540 locum
1427 1486 1538 1541 contra

144 1580 249 1665 legem
264 1603 364 1666 supra
378 1603 398 1645 a
414 1580 507 1645 nobis
522 1583 720 1666 propositam
735 1581 844 1645 facere
861 1580 1102 1645 contendemus

248 1684 372 1765 Quodsi
402 1684 448 1749 illi
471 1688 569 1749 aetati
594 1688 852 1749 coniunctionem
877 1690 928 1767 ἄρα
951 1686 1148 1770 incognitam
1171 1683 1270 1749 fuisse
1293 1687 1476 1767 statuimus,
1501 1706 1538 1748 eo

144 1790 249 1874 magis
264 1810 323 1853 nos
338 1791 436 1874 miros
452 1788 551 1855 debet
566 1788 697 1873 habere,
715 1790 801 1876 quod
816 1792 850 1853 in
866 1789 976 1871 altera,
994 1810 1076 1875 quae
1097 1790 1158 1855 sub
1171 1788 1312 1874 Gorgiae
1332 1793 1461 1854 nominc
1476 1798 1538 1853 tra·

147 1894 242 1972 ditur,
256 1892 502 1977 declamatione,
516 1916 599 1980 quae
611 1893 804 1959 Palamedes
816 1896 1012 1977 inscribitur,
1029 1903 1078 1958 ter
1091 1894 1135 1980 (7,
1147 1893 1186 1957 12
1198 1893 1263 1978 bis)
1275 1896 1328 1976 ἄρα
1344 1895 1388 1957 ita
1401 1892 1537 1978 legimus

143 1996 334 2080 adhibitum,
350 2006 386 2062 ut
400 1999 472 2084 ipsa
486 1998 630 2063 locorum
646 2001 804 2063 sententia
825 1999 893 2063 fere
909 1999 1079 2063 iubeamur
1096 2020 1228 2082 censere
1243 1998 1328 2062 hanc
1343 1998 1536 2082 particulam

144 2099 409 2167 coniunctionem
418 2103 637 2169 conclusivam
652 2126 731 2167 esse.
1064 2169 1068 2177 ,

247 2206 337 2287 Quos
355 2206 444 2272 locos
465 2210 491 2271 si
509 2207 723 2293 neglegimus,
746 2207 799 2271 hic
819 2230 896 2272 usus
916 2216 1042 2272 tantum
1063 2207 1233 2293 exemplis,
1254 2228 1337 2292 quae
1356 2208 1471 2272 aetatis
1490 2209 1536 2271 in·

142 2310 266 2375 ferioris
292 2319 380 2393 sunt,
402 2311 606 2397 comprobari
628 2320 743 2398 potest.
775 2311 832 2376 sed
854 2314 1088 2399 cumprimum
1111 2311 1163 2394 ripa
1186 2312 1247 2377 hoc
1269 2334 1364 2377 sensu
1387 2314 1536 2397 usurpari

143 2423 294 2500 coeptum
318 2424 376 2493 est,
400 2418 517 2480 mirum
540 2425 597 2498 est,
614 2425 736 2501 quanto
760 2438 857 2501 opere
880 2415 974 2480 brevi
996 2426 1139 2503 tempore
1162 2419 1189 2481 is
1212 2439 1289 2481 usus
1311 2415 1534 2481 increbruerit.

140 2540 320 2604 permagna
331 2522 417 2585 enim
429 2520 611 2606 frequentia
631 2522 864 2585 coniunctionis
881 2524 933 2603 ἄρα
948 2523 1094 2607 inprimis
1109 2523 1174 2587 iam
1190 2522 1223 2585 in
1240 2520 1375 2606 dialogis
1390 2520 1535 2586 Platonis

141 2624 341 2690 observatur.

804 2748 866 2812 III.

243 2902 313 2967 Iam
333 2898 367 2966 ut
391 2906 488 2968 etiam
511 2903 551 2968 de
574 2905 805 2989 frequentia
817 2904 911 2969 huius
934 2888 1112 2990 particulae
1128 2926 1234 2990 pauca
1249 2904 1417 2986 addamus,
1434 2904 1533 2969 Hero-

140 3006 233 3071 dotus
249 3007 482 3092 particularum
497 3007 550 3071 ille
566 3010 806 3072 amantissimus
823 3012 876 3091 ἄρα
892 3030 1021 3095 quoque
1038 3012 1114 3074 satis
1127 3031 1224 3094 saepe
1236 3011 1370 3073 orationi
1385 3010 1532 3074 intexuit.

139 3109 241 3176 Attici
256 3134 334 3177 vero
350 3114 565 3198 antiquissimi
580 3114 681 3178 multo
698 3122 790 3178 erant
804 3114 1050 3197 moderatiores3
1073 3124 1138 3179 toto
1159 3117 1244 3180 enim
1260 3114 1454 3200 Thucydide
1469 3136 1533 3178 non

137 3215 210 3301 plus
226 3216 441 3294 XXXVIIII,
458 3219 491 3280 in
505 3217 703 3282 orationibus
715 3216 923 3304 Antiphontis
940 3228 972 3281 et
986 3217 1094 3283 libello
1111 3217 1152 3282 de
1167 3240 1202 3282 re
1215 3218 1346 3303 publica
1358 3218 1532 3282 Athenien-

138 3321 221 3384 sium
241 3320 367 3405 singula
386 3329 511 3385 tantum
527 3324 595 3386 eius
616 3322 766 3407 exempla
789 3326 1005 3408 reperiuntur,
1023 3322 1212 3387 Andocides
1231 3331 1341 3388 autem
1362 3325 1532 3410 quinquies

136 3427 191 3506 ἄρα
202 3423 360 3489 adhibuit.
389 3425 491 3490 sedin
504 3426 706 3514 xorationihus
721 3427 965 3512 posterioribus
981 3430 1014 3491 in
1030 3427 1119 3492 libris
1131 3428 1358 3513 Xenophontis
1375 3438 1471 3513 atque
1487 3428 1532 3491 in-

136 3530 249 3613 primis
265 3530 409 3596 Platonis
425 3533 541 3615 ingens
557 3541 606 3595 est
622 3533 715 3617 copia
732 3531 884 3614 locorum,
902 3532 1019 3617 quibus
1037 3536 1089 3614 ἄρα
1103 3532 1229 3616 legitur.

450 3932 765 4029 ΤΟΙΓΑΡΤΟΙ
797 3942 836 4021 et
869 3933 1215 4031 TOIFAPOYN.

240 4156 312 4220 Hae
329 4155 506 4240 particulae
520 4155 540 4241 ¹)
557 4158 642 4221 inter
662 4180 696 4221 se
716 4179 780 4221 non
800 4157 963 4242 diversae,
981 4181 1063 4245 quae
1084 4183 1127 4224 ex
1147 4161 1307 4224 sententia
1325 4159 1528 4224 antecedenti

135 4260 259 4344 aliquid
277 4261 431 4344 consequi
447 4282 522 4323 cum
537 4264 698 4345 gravitate
715 4261 855 4347 quadam
872 4264 1065 4348 significant,
1082 4263 1316 4348 antiquioribus
1332 4265 1531 4349 temporibus

135 4364 312 4428 admodum
327 4387 399 4428 raro
415 4365 537 4450 positae
554 4374 628 4430 sunt
643 4376 741 4452 atque
756 4374 898 4449 τοιγαροῦν
913 4370 1016 4432 rarius
1032 4371 1128 4432 etiam
1144 4390 1240 4453 quam
1255 4373 1399 4451 τοιγάρτοι.

241 4608 261 4674 ¹)
274 4609 314 4659 ef.
327 4609 479 4671 Kuelrner§
492 4610 543 4657 545
556 4626 582 4658 n.
593 4612 617 4672 6,
629 4612 643 4659 7
657 4628 681 4676 p.
694 4610 753 4674 859,
766 4610 925 4661 Baeumlein
938 4628 963 4677 p.
974 4612 1033 4661 255.

186 4702 358 4743 Dissertationes
371 4702 447 4751 philol.
458 4702 553 4743 Vindob,
568 4702 597 4743 11.
