3225 5092
1037 11 1608 182 ..q

80 277 141 341 148

20 464 27 485 ”
77 470 205 552 saepius
227 467 270 532 ad
293 466 546 552 Xenophontem
569 475 601 530 et
624 464 809 547 Platonem,
837 487 917 550 quos
940 466 973 528 in
996 466 1272 549 comparationem
1295 486 1413 529 vocare
1437 487 1475 537 eo

74 573 182 637 utilius
202 571 387 654 videbatur,
415 571 511 657 quod,
541 593 615 634 cum
635 571 768 655 propius
789 591 843 633 eos
863 592 883 632 6
904 591 1051 633 sermone
1067 568 1193 653 vulgari
1208 568 1324 633 abesse
1340 578 1474 651 constet,

12 714 17 729 ·
75 677 206 742 liberius
231 698 334 761 genus
355 674 486 740 dicendi
508 685 541 739 et
559 675 601 739 ab
622 674 801 739 oratoribus
824 673 988 758 aliquanto
1005 673 1169 738 diversum
1189 672 1347 759 praebent
1366 676 1475 759 itaque

6 783 15 848 &-
73 783 235 867 frequenti
259 803 335 845 usus
355 779 572 865 discrepantia
594 779 711 842 clarius
731 778 841 843 lumen
860 778 1100 843 discriminibus
1115 777 1276 863 adfertur,
1292 779 1353 864 ipsi
1369 780 1475 844 simili-

4 909 9 960 j=
74 886 177 950 tudini
192 886 296 949 maior
311 886 360 948 vis
377 883 539 948 tribuitur.
1173 971 1175 975 Ι

4 975 5 984 ¹
176 990 246 1055 Iam
263 1012 373 1054 omnes
389 991 577 1053 enumeravi
593 989 774 1074 scriptores,
796 1008 932 1072 quorum
948 990 980 1052 in
996 987 1059 1052 hac
1075 990 1263 1074 quaestione
1279 990 1473 1054 mentionem

2 1171 4 1186 ἢ
73 1095 200 1159 faciam.
236 1104 271 1158 ut
292 1103 400 1159 autem
422 1092 464 1158 ad
484 1102 712 1177 argumentum
733 1091 834 1156 libelli
854 1095 961 1177 ipsum
983 1093 1171 1176 adgrediar:
1192 1093 1279 1179 quod
1300 1115 1342 1158 ex
1363 1117 1473 1159 rerum

1 1186 7 1228 ‘³
71 1199 276 1264 multitudine
292 1199 360 1262 fere
376 1200 533 1262 immensa
548 1197 724 1282 particulas
745 1197 890 1262 causales
911 1207 942 1261 et
963 1198 1175 1282 conclusivas,
1196 1219 1280 1282 quae
1300 1208 1370 1263 arte
1390 1202 1474 1264 inter

0 1362 4 1365 ,
73 1326 106 1368 66
128 1305 302 1368 cohaerent
321 1326 383 1367 666
404 1325 500 1388 saepe
522 1311 680 1366 tractatae
701 1313 775 1366 sunt
795 1325 815 1366 a
834 1303 1066 1385 grammaticis,
1090 1301 1186 1386 elegi,
1208 1302 1250 1366 de
1271 1304 1388 1388 quibus
1411 1304 1471 1367 dis-

70 1429 220 1489 sererem,
243 1428 314 1471 eam
330 1429 398 1471 rem
415 1407 578 1492 explicare
594 1405 742 1492 profecto
759 1429 839 1492 opus
855 1429 919 1471 non
935 1415 996 1485 est3
1020 1407 1076 1469 sed
1093 1408 1266 1471 iuratione
1283 1407 1470 1494 disputandi

19 1547 56 1600 q,
70 1516 96 1578 si
112 1515 183 1598 quis
198 1535 250 1578 me
266 1511 520 1598 reprehenderit,
538 1513 623 1597 quod
636 1534 751 1596 parum
764 1513 909 1576 animum
921 1513 1128 1593 adverterim,
1146 1513 1264 1598 quibus
1277 1514 1471 1576 coniunctio-

14 1615 167 1704 ,l‘nibus
191 1619 363 1702 scriptores
383 1618 554 1681 transitum
573 1619 605 1679 in
626 1618 769 1682 oratione
793 1617 939 1680 effecturi
960 1617 1010 1679 usi
1030 1625 1152 1699 essent,
1175 1615 1378 1702 respondebo
1401 1619 1470 1680 eius

70 1723 155 1786 modi
178 1722 255 1786 locis
277 1722 518 1785 coniunctiones
533 1730 622 1784 16616
644 1742 741 1806 opere
758 1721 896 1801 variare,
918 1731 954 1784 ut
975 1743 1017 1783 ex
1036 1721 1093 1785 tali
1110 1720 1331 1806 disquisitione
1346 1721 1470 1784 fructus

12 1850 47 1922 ”3-
69 1849 133 1892 non
154 1827 361 1912 percipiatur,
388 1828 449 1890 nisi
471 1826 511 1889 de
532 1847 661 1911 quaque
684 1825 823 1890 formula
838 1825 968 1889 dicendi
985 1825 1171 1908 singillatim
1187 1835 1312 1909 agatur,
1334 1825 1368 1889 id
1384 1825 1471 1910 quod

70 1931 147 1994 fecit
175 1930 330 1995 Gebauer
360 1933 391 1994 in
425 1933 669 2010 commentario,
703 1951 766 2016 quo
797 1932 955 1995 orationes
981 1930 1138 2015 Lysiacae
1168 1929 1359 2012 illustravit,
1381 1929 1470 1994 nulla

12 2019 29 2103 f.
72 2036 204 2122 quidem
232 2045 414 2121 temporum
442 2037 566 2098 ratione
593 2033 719 2117 habita,
749 2034 835 2120 quod
865 2043 951 2098 certe
979 2036 1158 2100 maximum
1177 2036 1469 2120 gravissimumque

69 2162 140 2204 esse
161 2139 313 2204 debebat.
345 2162 450 2225 neque
466 2161 554 2223 vere,
575 2161 652 2202 usus
669 2161 781 2203 earum
798 2140 1060 2204 coniunctionum
1075 2161 1134 2223 per
1155 2138 1293 2224 amplius
1313 2140 1468 2224 temporis

69 2247 207 2330 spatium
223 2245 310 2308 idem
327 2245 542 2330 permanserit
557 2267 599 2308 an
614 2243 769 2329 paulatim
784 2243 972 2308 immutatus
989 2246 1040 2327 sit,
1057 2266 1118 2329 quo
1135 2253 1280 2330 tempore
1295 2243 1329 2308 id
1344 2243 1469 2308 factum

1 2339 17 2442 Ἰ
68 2351 119 2430 sit,
136 2373 155 2412 a
171 2371 233 2434 quo
250 2350 409 2435 principio
426 2371 478 2412 res
496 2348 652 2433 profecta,
669 2369 732 2433 quo
748 2348 846 2412 modo
861 2351 894 2412 in
910 2349 1045 2433 singulis
1058 2349 1270 2435 scriptoribus
1285 2370 1466 2434 progressa,

8 2467 26 2544 ζ
67 2456 272 2550 iamcertum
289 2453 558 2539 exploratumque
575 2452 663 2536 est.¹)

2 2724 3 2727 Ἴ
173 2665 192 2730 1)
205 2665 265 2715 Η66
274 2662 334 2714 1666
348 2680 439 2715 661616
449 2666 560 2713 nomina
572 2679 727 2729 proponam,
741 2667 787 2730 qui
800 2667 854 2714 iam
864 2665 897 2714 de
907 2666 1040 2716 similibus
1049 2667 1130 2716 rebus
1140 2673 1222 2734 atque
1233 2683 1283 2733 ego
1294 2670 1468 2718 commentati

2 2754 17 2815 J
67 2757 137 2800 sunt.
162 2753 190 2800 in
203 2752 300 2817 quibus
313 2753 392 2816 primi
404 2757 466 2801 sunt
479 2752 642 2814 nominandi,
656 2753 702 2816 qui
714 2754 742 2800 in
753 2753 866 2818 singulis
876 2755 1049 2820 scriptoribus
1060 2769 1166 2820 operam
1179 2762 1333 2820 posuerunt,
1346 2772 1406 2805 cum
1419 2760 1467 2805 aut

2 2823 16 2852 ⁷
67 2841 95 2886 in
106 2840 303 2888 commentariis
313 2837 356 2887 vel
366 2838 466 2888 tabulis
475 2839 608 2888 adiunctis
617 2853 659 2889 res
670 2839 897 2889 memorabiliores
911 2841 1087 2905 protulerunt,
1100 2857 1167 2907 quas
1179 2844 1207 2892 in
1217 2858 1295 2892 usum
1306 2858 1467 2892 166661666-

67 2927 144 2988 verti,
160 2925 246 2974 veluti
259 2925 334 2974 Stein
353 2926 387 2975 ad
404 2926 579 2988 Herodotum,
597 2925 708 2974 Classen
726 2933 753 2974 61
765 2926 888 2992 Krueger
904 2927 938 2977 ad
950 2928 1143 2993 Thucydidem,
1160 2929 1285 2980 Gebauer
1301 2930 1334 2979 ad
1348 2930 1466 2994 Lysiam,

68 3011 214 3062 Schneider
229 3012 263 3062 ad
279 3013 433 3074 Isocratem,
451 3012 591 3062 Rehdantz
609 3012 643 3061 ad
655 3012 874 3077 Demosthenem,
891 3015 1020 3064 Kuehner
1036 3016 1071 3064 ad
1083 3017 1297 3081 Xenophontem,
1315 3016 1465 3066 Stallbaum

14 3149 15 3152 ,
67 3099 100 3148 ad
105 3099 256 3161 Platonem,
266 3104 313 3147 aut
319 3104 454 3164 separato
460 3098 567 3148 libellos
578 3099 758 3162 confecerunt,
767 3099 854 3149 veluti
861 3102 1050 3164 Broschmann,
1061 3101 1275 3170 departpcipusu
1282 3105 1381 3154 Herod.
1391 3105 1465 3166 1882,

65 3185 257 3248 V.H0ffmann,
270 3185 303 3234 de
315 3185 506 3251 particularum
520 3185 711 3235 nonnullarum
727 3187 797 3251 apud
808 3188 906 3238 Herod.
919 3205 969 3239 usu
987 3191 1066 3253 1880,
1079 3190 1162 3253 idem,
1176 3192 1242 3241 iiber
1256 3192 1308 3241 den
1322 3192 1464 3242 Gebrauch

0 3314 5 3345 3
66 3273 112 3322 der
129 3273 249 3322 Partikel
267 3266 301 3320 ὧν
318 3273 362 3322 bei
379 3273 478 3322 Herod.
496 3275 572 3336 1881,
595 3275 695 3335 Saeve,
714 3276 884 3338 quaestiones
901 3276 934 3326 de
951 3278 1058 3328 dicendi
1074 3295 1124 3328 usu
1141 3279 1225 3329 Γ11166.
1236 3280 1256 3342 Ι,
1274 3280 1307 3330 (16
1325 3281 1351 3328 vi
1370 3286 1398 3330 et
1412 3295 1464 3329 usu

4 3371 7 3412 ς
66 3364 132 3424 part.
144 3356 190 3424 γάρ
205 3359 433 3422 1861861166161,
446 3361 480 3409 de
493 3360 686 3424 particularum
704 3362 893 3412 nonnullarum
907 3364 979 3429 apud
991 3365 1097 3431 Antiph.
1111 3382 1161 3416 usu
1177 3368 1251 3430 1877,
1265 3368 1390 3431 Wetzell‚
1403 3370 1464 3418 Bei-

66 3449 215 3509 trigenum
230 3445 370 3495 Gebrauch
384 3447 430 3496 der
443 3447 583 3496 Partikeln
596 3448 640 3497 bei
652 3447 789 3514 Antiphon
806 3452 879 3513 1879,
898 3452 1093 3514 F.A.Mueller,
1112 3454 1312 3505 observationes
1324 3456 1358 3505 de
1375 3455 1463 3506 elocu-

5 3553 6 3556 ¹
65 3534 139 3582 tione
160 3533 259 3597 Lysiae
275 3533 296 3593 Ι,
314 3533 347 3582 (16
364 3532 534 3584 anacoluthis
558 3536 637 3598 1877,
654 3536 766 3597 Hoefer,
789 3537 822 3587 de
843 3539 1034 3588 nonnullarum
1055 3547 1122 3606 part.
1140 3543 1213 3607 apud
1228 3543 1298 3593 Plat.
1316 3559 1367 3593 usu
1389 3545 1464 3606 1882,

65 3619 176 3685 Kugler,
189 3620 222 3669 de
234 3619 382 3684 particulae
395 3618 432 3668 roi
445 3624 557 3687 eiusque
570 3624 775 3687 compositorum
789 3625 861 3689 apud
871 3625 939 3675 Plat.
950 3642 1000 3676 usu
1017 3630 1091 3690 1886,
1105 3630 1202 3694 quibus
1214 3630 1386 3680 subiciendus
1397 3631 1464 3680 mihi

3 3709 12 3734 '⁶‘
65 3714 105 3756 est
117 3708 198 3757 index
208 3707 397 3771 Thucydideus
410 3723 426 3757 a
438 3724 490 3758 van
501 3709 613 3760 Essenio
627 3726 712 3775 nuper
725 3712 752 3759 in
766 3711 855 3761 lucem
869 3713 962 3763 editus.
982 3721 1121 3780 praeterea
1133 3717 1256 3782 exempla
1268 3733 1285 3767 6
1293 3718 1462 3768 Basumlinio

4 3815 14 3862 5,
65 3801 92 3843 61
102 3795 245 3844 Kuehnero
256 3810 271 3844 e
281 3796 385 3860 scriptis
395 3796 582 3862 Xenophontis
595 3803 622 3846 et
631 3797 753 3847 Platonis
763 3798 879 3848 collecta
889 3805 916 3848 et
925 3816 942 3850 a
951 3800 1091 3852 Gebauero
1103 3804 1132 3853 in
1145 3803 1222 3867 libro,
1235 3821 1315 3869 quem
1327 3807 1464 3873 inscripsit

65 3882 106 3931 De
118 3883 279 3948 hypotocta'cis
291 3889 313 3930 et
322 3887 489 3945 paralactieis
501 3885 644 3949 uryumeati
655 3901 686 3934 ex
698 3889 826 3935 contrario
831 3888 935 3951 soranis,
948 3891 1139 3940 exoratoribus
1151 3892 1246 3942 hausta
1258 3893 1310 3943 hoc
1322 3895 1382 3943 loco
1392 3910 1462 3944 com·

6 3987 8 3992 ·
64 3970 236 4019 memoranda
248 3975 319 4018 sunt.
