3225 5092
1426 250 1484 316 127

96 445 237 508 maxime
251 452 365 530 poetae
381 453 413 507 et
429 443 601 527 scriptores
617 443 809 527 posteriores
825 440 998 522 excellunt,
1019 464 1084 504 non
1099 443 1352 526 intemperanter
1366 442 1486 509 abusus

95 555 151 626 est,
169 547 227 612 sed
243 569 298 612 eas
309 548 511 632 potissimum
527 547 682 625 notiones,
695 567 778 632 quae
790 567 808 609 e
819 545 917 610 rebus
933 545 1123 611 militaribus
1139 554 1223 628 sunt,
1238 547 1272 610 in
1287 546 1430 613 ablativo
1442 550 1486 613 in·
1601 572 1602 609 τ

95 652 295 718 strumentali
302 653 419 739 posuit,
430 650 522 715 velut
529 650 559 732 6,
568 649 600 735 5,
609 650 628 714 9
638 652 730 735 ‘quae
742 650 876 713 incensa
883 650 1020 731 fuerant,
1032 650 1229 735 praedarum
1237 649 1345 715 fructu
1353 662 1385 717 et
1397 675 1488 717 exer-

96 760 160 822 citu
172 758 346 822 Persarum
362 755 521 840 restituit',
538 755 588 838 30,
599 755 630 836 4,
645 754 767 818 14‘n0n
780 756 865 821 enim
876 753 938 818 alio
950 756 1095 819 exercitu
1108 805 1114 819 .
1129 806 1136 820 .
1151 806 1157 819 .
1171 752 1228 819 sed
1240 754 1290 819 bis
1304 758 1391 842 ipsis,
1407 780 1487 843 quos

94 865 126 926 in
142 864 212 930 acie
227 861 358 944 habeat,
373 860 528 926 militibus
544 859 716 940 subactos’,
738 857 794 923 ubi
810 857 971 922 ablativus
987 859 1151 924 ‘exercitu'
1168 862 1327 925 eominus
1343 861 1486 946 offendit,

95 966 181 1051 quod
193 965 376 1030 ‘exercitus'
393 987 510 1029 nomen
527 962 731 1028 collectivum
749 971 806 1044 est,
824 984 886 1047 quo
903 961 1020 1048 singuli
1033 963 1150 1027 milites
1165 972 1331 1050 tamquam
1343 968 1375 1029 in
1387 988 1487 1031 unum
1602 1008 1603 1043 3

96 1092 212 1156 corpus
236 1068 561 1155 comprehenduntur.
597 1066 684 1130 idem
704 1066 792 1130 valet
812 1065 852 1129 de
872 1065 941 1131 loco
961 1066 1014 1146 42,
1030 1067 1097 1150 5,5
1118 1067 1323 1153 ‘Scytharum
1345 1072 1487 1135 maxime
1602 1058 1603 1061 ¹

9 1215 10 1222 κ
94 1173 215 1239 auxilio
235 1175 267 1236 in
287 1195 424 1258 regnum
443 1172 643 1256 restituitur',
667 1191 730 1257 quo
749 1169 820 1234 loco
840 1171 1016 1235 ‘auxilium’
1036 1180 1181 1236 nostrum
1200 1172 1377 1258 ‘deslseer'
1392 1175 1487 1260 signi·
1602 1218 1603 1221 κ

95 1279 196 1342 ficare
219 1287 308 1342 recte
331 1277 465 1341 adnotat
480 1274 714 1360 Fittbogenius.
738 1283 769 1339 et
786 1283 824 1337 ut
842 1274 891 1338 bis
910 1274 997 1357 locis,
1017 1277 1064 1339 ita
1079 1277 1175 1341 etiam
1193 1274 1243 1359 18,
1257 1276 1288 1359 2,
1302 1277 1323 1340 2
1339 1278 1487 1344 omnibus

94 1375 261 1448 codicibus
266 1380 372 1446 nudus
381 1380 553 1445 exhibetur
561 1378 736 1444 ablativus:
747 1386 801 1464 ‘ut,
811 1381 962 1464 quoniam
971 1389 1104 1443 externo
1113 1379 1204 1445 hoste
1213 1391 1487 1467 oppugnarentur,

14 1553 34 1562 Ἴ,
93 1488 235 1551 externis
262 1485 391 1550 auxiliis
417 1484 627 1566 iuvarentur',
654 1506 759 1569 neque
782 1482 923 1547 debebat
945 1483 1100 1548 Rueblius
1123 1484 1262 1548 futtilem
1290 1508 1366 1551 sane
1389 1486 1488 1552 Fabri

92 1594 312 1656 coniecturam
325 1589 377 1654 ‘ab
393 1598 527 1654 externo
541 1588 642 1652 boste'
656 1609 673 1651 e
688 1586 832 1651 tenebris
847 1589 880 1651 in
895 1587 1000 1652 lucem
1011 1587 1208 1674 protrahere.
1239 1611 1315 1655 nam
1327 1588 1487 1656 ablativus
1603 1602 1604 1623 i

89 1697 179 1761 solus
194 1696 225 1761 b.
238 1695 259 1760 l.
273 1718 311 1759 eo
326 1694 451 1758 facilius
467 1693 546 1757 ferri
560 1702 677 1779 potest,
698 1692 785 1778 quod
804 1691 907 1756 verba
923 1695 1076 1757 ‘externis
1092 1694 1229 1758 auxiliis’
1247 1695 1395 1780 opposita
1414 1702 1488 1759 sunt

87 1801 156 1865 illis
173 1802 318 1864 ‘externo
333 1800 446 1865 hoste'.
477 1807 620 1864 ceterum
636 1798 755 1862 similes
771 1796 904 1861 ablativi
919 1799 983 1861 iam
999 1796 1086 1884 apud
1102 1797 1233 1864 Livium
1248 1800 1325 1864 satis
1340 1799 1487 1886 frequen·
1552 1858 1553 1861 ,

87 1917 142 1970 ter
163 1912 345 1986 occurrunt,
367 1905 468 1969 veluti
487 1903 539 1985 23,
552 1903 604 1986 42,
621 1903 640 1965 6
662 1901 759 1966 ‘nullo
780 1910 914 1966 externo
934 1901 1035 1966 adiuti
1054 1925 1116 1967 nec
1136 1902 1220 1967 duce
1239 1925 1301 1968 nec
1320 1906 1486 1969 exercitu'.

87 2011 131 2074 de
149 2009 229 2093 loce,
251 2032 348 2096 quem
367 2008 503 2093 legimus
521 2006 770 2090 13‚1,14‘cum
790 2009 953 2071 exereitus
968 2007 1185 2072 Macedonum
1201 2018 1248 2072 tot
1265 2031 1330 2073 non
1351 2009 1488 2074 ducibus
1604 2056 1605 2085 2

87 2114 150 2179 sed
172 2114 305 2199 regibus
328 2113 513 2198 regeretur',
537 2115 601 2176 iam
624 2134 721 2196 supra
742 2111 787 2197 (p.
807 2110 883 2197 107)
905 2110 1047 2176 dubitari
1066 2134 1160 2197 posse
1181 2112 1258 2197 dixi,
1281 2112 1439 2179 ‘ducibus'
1457 2123 1489 2178 et
1604 2104 1605 2177 l

88 2218 244 2303 ‘regibus’
261 2227 370 2283 utrum
385 2216 519 2282 ablativi
539 2239 581 2280 an
597 2215 698 2278 dativi
713 2214 856 2278 habendi
877 2224 993 2279 essent.
1025 2225 1136 2280 contra
1151 2217 1304 2300 Iustinus,
1325 2240 1401 2282 sane
1422 2220 1488 2305 qui·

14 2341 15 2344 ’
88 2322 168 2387 dem
182 2324 382 2408 parcissime,
398 2344 456 2407 pro
472 2320 614 2386 ablativo
630 2321 835 2383 instrumenti
848 2342 959 2384 earum
969 2322 1143 2402 notionum,
1160 2342 1243 2406 quae
1255 2322 1296 2386 ad
1309 2344 1378 2386 rem
1390 2344 1487 2408 quan-

88 2427 170 2490 dam
189 2429 361 2511 pertinent,
378 2426 646 2512 praepositionem
664 2422 726 2487 ‘ab’
742 2423 900 2505 adhibuit,
917 2423 1006 2487 velut
1021 2423 1051 2506 2,
1071 2423 1120 2506 12,
1139 2423 1178 2487 18
1195 2431 1245 2489 ‘ne
1261 2427 1488 2491 circumveniri

87 2555 107 2594 a
124 2529 333 2595 multitudine
349 2529 509 2617 possent’,
519 2530 568 2610 12,
584 2529 612 2611 1,
628 2529 665 2591 11
684 2530 753 2592 ‘etsi
768 2551 788 2592 a
803 2528 1008 2594 multitudine
1023 2529 1150 2612 victus',
1169 2530 1315 2615 11‚13,3
1332 2533 1361 2594 ‘a
1375 2554 1488 2617 repen·

88 2636 161 2698 tina
176 2637 348 2699 securitate
364 2633 496 2716 datum',
513 2633 555 2697 ad
571 2653 668 2718 quem
682 2633 790 2697 locum
804 2631 880 2697 vide
896 2632 1144 2716 Fittbogenium.

194 2737 266 2802 Iam
281 2761 359 2803 vero
375 2759 539 2824 exponere
555 2737 736 2822 aggredior,
753 2758 818 2821 qua
834 2736 964 2800 dicendi
979 2738 1103 2801 ratione
1118 2746 1228 2801 utatur
1243 2737 1396 2823 Iustinus,
1413 2761 1487 2803 eum

89 2844 199 2926 agitur
215 2843 256 2906 de
272 2845 425 2908 comitatu
443 2841 583 2906 militari.
615 2842 706 2905 cuius
726 2843 855 2924 generis
874 2839 1050 2905 locutiones
1070 2864 1267 2928 quamquam
1287 2865 1307 2906 a
1325 2840 1487 2929 plerisque

90 2949 312 3030 grammaticis
324 2949 357 3011 in
366 2969 413 3032 ec,
426 2969 489 3033 quo
502 2946 544 3010 de
552 2945 694 3011 ablativo
703 2945 791 3009 modi
800 2945 975 3030 disputant,
990 2947 1096 3031 capite
1104 2954 1293 3030 tractantur,
1306 2968 1366 3031 ego
1379 2956 1488 3013 tamen

90 3049 168 3115 huic
188 3052 288 3137 capiti
309 3051 408 3116 eade
429 3074 529 3118 causa
548 3053 663 3133 insero,
685 3051 770 3136 quod
791 3060 950 3136 quatenus
971 3051 1055 3116 solus
1075 3051 1249 3117 adhibetur
1267 3050 1440 3138 ablativus,
1461 3055 1488 3116 is

11 3171 14 3238 ξ
91 3176 152 3239 pro
168 3154 311 3220 ablativo
326 3157 529 3221 instrumenti
541 3154 711 3221 habendus
727 3165 785 3219 est.
810 3155 951 3220 Iustinus
963 3157 1061 3240 igitur
1072 3156 1114 3220 ad
1127 3157 1237 3242 copias
1250 3157 1487 3241 significandas,

93 3258 283 3342 quibuscum
299 3260 367 3324 dux
383 3260 515 3347 quidam
525 3283 578 3326 res
590 3263 682 3345 gerit,
698 3260 794 3325 modo
807 3259 985 3325 ablativum
998 3260 1102 3326 solum
1112 3260 1206 3327 modo
1218 3264 1489 3348 praepositionem

17 3445 18 3448 Ἴ
93 3364 188 3428 ‘cum'
204 3375 349 3450 usurpat,
370 3387 476 3452 neque
491 3368 631 3452 pertinet
650 3365 692 3429 ad
708 3387 782 3430 eum
797 3365 853 3429 illa
867 3365 930 3448 lex,
953 3387 1049 3450 quam
1065 3365 1239 3431 Caesarem
1255 3377 1401 3433 secutum
1417 3390 1488 3432 esse

94 3466 173 3531 dicit
183 3468 373 3534 Krahnerus
388 3471 430 3535 ad
444 3470 524 3535 Bell.
536 3472 596 3536 civ.
611 3472 640 3552 1,
653 3471 705 3553 41,
718 3470 748 3552 2,
766 3492 849 3556 quae
864 3472 897 3534 in
913 3494 950 3535 eo
967 3473 1121 3554 consistit,
1137 3479 1172 3535 ut
1187 3473 1380 3558 praepositio
1393 3473 1487 3537 ‘cum'

95 3575 274 3658 ponatur,si
283 3583 390 3638 certus
400 3574 702 3659 quidamcopiarum
711 3597 866 3639 numerus
874 3575 1192 3662 proferatur,cont1·a,
1200 3577 1226 3640 si
1235 3576 1275 3640 de
1286 3579 1386 3663 copiis
1393 3597 1488 3660 gene-

94 3676 336 3747 ralitertantum
348 3687 463 3763 agatur
472 3678 576 3764 (velut
586 3681 620 3744 in
631 3678 855 3764 locutionibus,
869 3680 980 3765 quales
993 3689 1068 3743 sunt
1077 3679 1235 3745 ‘omnibus
1249 3682 1359 3767 copiis,
1369 3703 1489 3765 magna

94 3783 200 3844 manu’
221 3781 347 3869 simil),
371 3782 455 3847 solus
479 3792 653 3869 usurpetur
676 3783 847 3848 ablativus.
886 3785 982 3848 immo
1002 3784 1144 3848 Iustinus
1164 3794 1232 3849 tum
1251 3806 1378 3870 quoque
1397 3808 1488 3871 prae·

95 3887 283 3967 positionem
305 3888 398 3952 ‘cum’
420 3886 630 3952 substantivis
650 3887 810 3972 praefigit,
834 3889 860 3950 si
885 3897 992 3951 certus
1014 3910 1168 3953 numerus
1190 3911 1254 3953 non
1274 3889 1488 3972 significatur:

96 3987 195 4054 veluti
207 3992 336 4076 scripsit
343 3991 394 4070 23,
408 3990 438 4076 2,
453 3991 493 4054 13
502 3991 977 4076 ‘KarthagInienses..magnis
990 3993 1114 4058 viribus
1128 4014 1165 4056 eo
1178 3993 1350 4075 traiciunt',
1359 3992 1412 4075 30,
1424 3994 1455 4076 3,
1467 3994 1487 4057 2

99 4096 118 4154 ‘.
136 4117 274 4179 ..parva
290 4095 507 4160 Macedonum
522 4097 639 4179 manu’,
662 4107 773 4161 contra
791 4097 840 4177 11,
857 4095 919 4180 8,1
938 4096 1093 4161 ‘Dareum
1110 4118 1184 4161 oum
1203 4098 1325 4181 ingenti
1341 4099 1489 4161 exercitu

13 4277 16 4298 ι
98 4195 292 4282 adventare',
312 4200 361 4282 13,
375 4199 405 4283 5,
419 4202 436 4263 7
451 4203 535 4266 ‘eum
547 4201 655 4265 valida
672 4200 790 4283 manu',
808 4199 859 4283 25,
873 4201 935 4282 3,7
953 4204 1039 4266 ‘eum
1054 4201 1214 4266 conducta
1225 4200 1393 4270 Gallorum
1408 4223 1489 4265 mer·

15 4373 17 4382 ,
97 4305 247 4368 cennaria
261 4305 381 4369 manu'.
412 4305 444 4368 in
460 4304 603 4370 ablativo
619 4306 856 4391 praepositione
876 4327 939 4369 non
954 4305 1083 4370 adiecta
1097 4308 1227 4391 ponitur
1241 4327 1336 4392 porro
1353 4304 1486 4371 ‘armati'

13 4389 17 4476 ἶ
96 4403 155 4485 43,
166 4405 222 4488 4‚v
241 4408 364 4474 ‘urbem
377 4460 383 4474 .
399 4459 405 4473 .
420 4459 427 4473 .
444 4410 576 4474 armatis
591 4409 780 4494 invaderet',
801 4432 865 4496 quo
880 4409 950 4474 loco
965 4408 1155 4495 temptanda
1169 4431 1234 4475 non
1249 4419 1320 4475 erat
1333 4409 1489 4476 librorum

13 4547 16 4594 3
99 4509 263 4597 scriptura,
283 4513 319 4578 id
335 4513 420 4600 quod
432 4514 511 4579 fecit
524 4498 720 4596 Beneckius,
741 4517 796 4600 qui
810 4516 971 4580 ‘armatus'
984 4515 1038 4580 vel
1050 4514 1166 4581 ‘armis'
1179 4516 1316 4602 scripsit.
1344 4514 1489 4582 eiusdem

98 4611 228 4681 ablativi
239 4617 389 4704 exempla
397 4629 526 4685 exstant
534 4618 622 4707 apud
630 4620 760 4686 Livium
770 4629 802 4685 et
810 4619 995 4686 Cornelium
1003 4619 1164 4706 Nepotem
1176 4620 1232 4707 (of.
1242 4619 1338 4687 Dion.
1348 4620 1486 4707 aaa).
