3225 5092
163 223 201 288 18

160 415 285 484 factum
317 435 388 477 esse
414 411 507 492 VIII,
530 413 571 477 14
593 413 717 478 dudum
748 413 811 477 viri
842 412 929 477 docti
959 411 1200 495 intellexerunt3
1236 421 1335 500 caput
1365 416 1451 479 enim
1480 413 1558 479 illud

161 521 299 603 origines
322 517 552 583 vocabulorum
576 541 595 583 a
616 517 748 602 Nigidio
772 516 958 602 exploratas
982 519 1176 582 continuisse
1199 517 1350 584 lemmate
1375 518 1556 583 edocemur.

160 623 247 708 quod
266 631 376 687 autem
396 621 594 687 Schmidtius
614 644 646 707 p.
666 621 728 685 143
748 623 903 686 maiorem
922 621 984 686 loci
1004 623 1158 704 Noniani,
1184 623 1239 707 qui
1259 632 1309 686 est
1328 622 1389 687 sub
1407 623 1558 687 lemmate

162 726 311 792 ‘Vanum'
336 749 368 812 p.
388 726 462 808 416,
484 726 537 810 22,
558 736 684 811 partem
707 725 813 790 Gellio
839 725 1046 791 tribuendam
1079 747 1148 790 esse
1175 725 1345 791 Hertzium
1379 749 1452 792 ann.
1481 727 1559 811 phil.

160 854 189 896 a.
212 829 476 914 MDOOCLXII,
493 854 525 918 p.
544 830 606 894 789
627 831 863 896 demonstrasse
884 830 972 915 dicit,
991 850 1097 916 neque
1117 852 1248 916 prorsus
1269 833 1419 895 convenit
1434 831 1560 895 Hertzii

158 938 335 1001 sententiae
370 956 476 1021 neque
513 958 552 1001 ea
589 958 641 1000 res
679 938 751 1023 ipsa
783 957 862 1000 vera
898 944 954 1000 est.
1005 956 1082 999 nam
1117 935 1270 999 Hertzius
1307 943 1485 999 commotus
1524 945 1556 997 ct

160 1039 379 1118 similitudine,
405 1062 489 1125 quae
513 1040 715 1108 intercedere
736 1041 764 1104 ei
786 1039 958 1104 videbatur
977 1041 1062 1116 inter
1076 1038 1173 1103 Nonii
1194 1038 1396 1104 definitiones
1417 1038 1558 1104 ‘Vanum

159 1154 208 1210 est
227 1145 309 1229 leve,
335 1147 451 1227 inane',
473 1145 613 1211 ‘Vanum
635 1155 684 1210 est
703 1146 855 1211 mendax’
878 1154 910 1209 et
925 1144 1021 1210 Gellii
1044 1144 1146 1210 verba
1166 1144 1294 1227 XVIII,
1306 1145 1337 1226 4,
1353 1144 1404 1228 10,
1418 1166 1501 1230 quae
1518 1168 1561 1208 ex

158 1249 337 1336 Apollinari
351 1273 384 1315 se
397 1249 561 1316 audivisse
573 1251 691 1337 dicio),
705 1260 736 1314 et
752 1249 1020 1332 dissimilitudine,
1039 1271 1122 1334 quae
1141 1251 1306 1336 ceteroqui
1322 1249 1503 1334 intercedit,
1526 1251 1559 1312 in

100 1410 102 1418 .
158 1355 256 1420 Nonii
271 1377 350 1440 opus
366 1355 397 1420 h.
410 1356 430 1420 l.
443 1355 619 1440 Nigidiana
630 1357 722 1441 quasi
737 1377 796 1440 per
811 1354 952 1419 rivulum
967 1355 1108 1439 aliquem
1122 1353 1255 1420 fluxisse
1272 1354 1446 1439 contendit,
1464 1376 1560 1439 quem

160 1458 258 1524 Gellii
277 1461 379 1544 ipsius
398 1459 472 1524 libri
492 1459 584 1524 VIII.
603 1470 701 1545 caput
720 1459 832 1524 XIIII.
850 1460 949 1523 fuisse
973 1480 1068 1546 posse
1092 1479 1156 1521 non
1180 1461 1323 1542 negavit.
1361 1480 1475 1522 verum
1494 1480 1559 1524 non

159 1566 261 1629 solum
276 1564 310 1627 id
330 1564 517 1648 negandum
539 1573 596 1649 est,
618 1563 676 1627 sed
695 1563 883 1648 negandum
904 1565 1032 1627 omnino
1051 1587 1071 1628 a
1085 1560 1217 1646 Nigidio
1237 1562 1308 1626 illas
1328 1561 1560 1649 explicationes

158 1670 253 1735 Nonii
269 1671 423 1754 repetitas
440 1691 519 1753 esse,
542 1667 665 1733 collatis
682 1667 778 1733 Gellii
793 1667 912 1745 verbis,
933 1690 1016 1752 quae
1032 1689 1130 1752 supra
1145 1669 1314 1751 exscripsi,
1331 1672 1437 1752 ‘quas
1449 1717 1455 1729 .
1467 1717 1474 1728 .
1484 1687 1560 1730 cum

158 1777 337 1863 primarum
355 1773 625 1856 significationum
642 1771 817 1856 exemplis.
829 1822 835 1836 .
847 1772 865 1835 .'
883 1771 1120 1858 (exemplorum
1136 1780 1224 1835 certe
1239 1771 1328 1857 apud
1342 1770 1483 1835 Nonium
1500 1792 1562 1832 neo

159 1881 233 1944 vola
248 1901 310 1943 nec
322 1878 498 1962 vestigium
513 1886 572 1959 est,
590 1877 648 1941 sed
660 1876 721 1940 loci
734 1874 869 1960 Vergilii
883 1874 1025 1940 Sallustii
1037 1875 1201 1940 Ciceronis
1212 1873 1445 1961 inveniuntur),
1461 1883 1561 1958 atque

159 1985 342 2048 accuratius
361 1983 516 2065 inspeetis
536 1983 615 2066 ipsis
636 1979 731 2044 Gellii
750 1978 870 2062 verbis,
891 1978 1008 2064 quibus
1027 1979 1179 2042 Hertzius
1198 1979 1288 2042 nisus
1313 1988 1374 2060 est,
1399 2001 1417 2042 e
1442 1977 1561 2061 quibus

161 2089 234 2153 luce
260 2087 378 2151 elarius
399 2086 535 2170 adparet
555 2088 713 2150 ‘veterum
734 2084 945 2149 doctissimos'
966 2106 1064 2149 unam
1084 2083 1350 2167 significationem
1373 2083 1563 2167 primariam

160 2189 362 2275 ‘triigeriscb'
377 2189 444 2276 (vel
457 2187 702 2276 ‘prablerisch'),
719 2211 783 2252 non
795 2211 874 2253 vero
886 2210 968 2270 eam,
985 2210 1083 2273 quam
1093 2188 1217 2253 Nonius
1230 2188 1333 2272 primo
1345 2186 1415 2250 loco
1427 2185 1559 2272 profert,

160 2295 252 2378 leve,
269 2295 385 2375 inane’,
402 2295 477 2358 huie
493 2293 652 2358 vocabulo
668 2293 867 2378 adsignasse.

261 2399 318 2463 De
332 2398 484 2484 Nigidii
502 2399 603 2484 apud
618 2406 794 2485 posteros
810 2401 1048 2463 auctoritate
1064 2398 1089 2460 si
1106 2400 1300 2482 quaerimus,
1321 2396 1429 2460 Verrii
1445 2394 1558 2458 Flacci

161 2504 248 2569 nulla
263 2504 332 2567 fere
348 2505 429 2568 ratio
447 2511 496 2567 est
511 2502 671 2567 habenda.
696 2505 722 2565 is
739 2504 825 2566 enim
837 2511 966 2570 tantum
981 2503 1015 2565 in
1030 2500 1201 2583 historicis,
1218 2509 1254 2564 ut
1269 2502 1314 2564 ita
1329 2499 1446 2581 dicam,
1463 2499 1555 2563 libris

166 2608 217 2672 ‘de
234 2608 471 2693 orthographia'
486 2609 615 2693 saepius
627 2607 794 2691 Nigidium
809 2609 991 2692 respexisse
1007 2606 1136 2670 videtur
1151 2604 1208 2689 (cf.
1225 2614 1361 2669 enarrat.
1376 2605 1414 2667 fr.
1428 2604 1508 2668 LVI
1522 2633 1561 2661 =

163 2713 244 2776 Mar.
259 2712 416 2776 Victorin.
428 2722 488 2777 art.
502 2734 637 2796 gramm.
651 2712 677 2796 I,
686 2712 716 2794 4,
733 2718 810 2776 tom.
823 2711 882 2788 VI,
894 2734 925 2796 p.
936 2710 966 2796 8,
977 2711 1017 2774 16
1029 2709 1139 2795 Keil).
1158 2711 1191 2773 in
1207 2708 1297 2773 libris
1316 2709 1368 2772 ‘de
1387 2708 1561 2773 verborum

161 2816 353 2901 significatu’
371 2839 444 2880 eum
461 2839 565 2902 paene
580 2817 733 2900 neglexit.
770 2824 859 2880 certe
874 2817 907 2880 in
923 2817 1012 2879 Festi
1027 2816 1168 2900 epitoma
1183 2814 1349 2877 doctrinae
1364 2812 1560 2896 Nigidianae

160 2930 288 3006 praeter
311 2943 410 2985 unum
429 2919 537 2984 locum
556 2941 587 3006 p.
606 2919 657 3005 90,
677 2921 694 2982 7
711 2920 768 3002 M,
789 2919 846 2984 ubi
867 2943 884 2983 6
905 2919 1031 2983 duobus
1052 2918 1177 2982 ‘fratris’
1200 2917 1350 2982 vocabuli
1372 2917 1558 3002 veriloquiis

164 3027 300 3091 alterum
312 3023 445 3108 Nigidio
461 3024 574 3089 deberi
589 3026 653 3088 iam
665 3022 840 3088 Muellerus
857 3023 927 3088 coll.
942 3021 1024 3088 Gell.
1037 3021 1133 3103 XIII,
1153 3021 1195 3084 10
1209 3022 1449 3105 animadvertit,
1469 3021 1559 3085 nulla

160 3130 320 3215 adparent
348 3130 495 3212 vestigia.
542 3150 617 3192 nam
642 3129 704 3192 duo
731 3127 803 3210 loci,
835 3148 915 3212 quos
946 3136 1115 3212 praeterea
1137 3125 1330 3210 Roebrigius
1350 3147 1381 3210 p.
1398 3124 1429 3206 4,
1446 3125 1561 3189 adn.3

161 3233 328 3298 Hertzium
347 3242 476 3298 secutus
497 3232 615 3296 attulit:
637 3232 726 3296 Paul.
740 3255 783 3296 ex
799 3233 896 3295 Festo
912 3254 944 3318 p.
957 3229 1031 3311 226,
1043 3229 1085 3294 20
1098 3253 1123 3294 s.
1136 3251 1167 3292 v,
1181 3229 1366 3294 ‘Protinam'
1384 3229 1469 3314 (coll.
1482 3229 1559 3315 Nig.

157 3339 195 3402 fr.
209 3338 272 3402 LX
286 3365 326 3394 =
341 3337 424 3403 Don.
443 3337 485 3400 ad
498 3337 572 3400 Ter.
585 3336 714 3400 Pborm.
727 3335 754 3418 I,
766 3336 797 3418 4,
813 3336 882 3420 13),
909 3335 1000 3399 Paul.
1014 3356 1057 3398 ex
1071 3335 1169 3398 Festo
1190 3357 1220 3421 p.
1236 3333 1307 3416 119,
1325 3332 1346 3397 2
1363 3357 1387 3396 s.
1401 3333 1432 3397 u.
1446 3332 1560 3397 ‘Locu-

160 3441 275 3527 pletes'
293 3441 377 3527 (coll.
391 3441 429 3504 fr.
443 3440 650 3505 XXXXHII
662 3469 702 3498 =
720 3439 802 3504 Gell.
816 3440 861 3523 X,
873 3440 904 3522 5,
917 3438 963 3525 2),
979 3439 1043 3502 buc
1058 3461 1122 3503 non
1137 3439 1270 3503 faciunt.
1309 3459 1444 3522 quorum
1461 3438 1563 3502 altero

158 3546 228 3610 loeo
253 3545 287 3609 id
314 3555 438 3609 tantum
461 3545 688 3630 comprobatur
716 3546 813 3608 etiam
834 3545 986 3608 Verrium
1009 3543 1062 3607 vel
1083 3545 1229 3627 ignotum
1251 3543 1320 3606 eius
1341 3551 1506 3606 auctorem
1528 3545 1559 3606 iu

158 3671 255 3713 versu
274 3649 469 3715 Terentiano
490 3673 555 3714 non
576 3649 755 3735 ‘protinus’,
777 3648 835 3713 sed
851 3649 1030 3734 ‘protinam'
1052 3649 1184 3732 legisse,
1209 3648 1250 3711 de
1274 3647 1374 3711 altero
1398 3646 1468 3710 loeo
1489 3648 1560 3732 ipse

159 3755 312 3819 Hertzius
328 3776 359 3839 p.
375 3753 414 3817 18
432 3757 590 3819 concessit
605 3754 775 3819 fatendum
791 3776 861 3818 esse
878 3755 921 3817 ‘in
936 3755 1123 3818 universum
1144 3752 1260 3816 similia
1276 3773 1388 3815 omnes
1403 3751 1481 3835 fere,
1503 3753 1559 3835 qui

159 3859 200 3922 de
215 3858 277 3922 hoc
292 3858 451 3923 vocabulo
468 3859 665 3944 ‘locupletes'
681 3858 779 3923 locuti
797 3868 914 3944 essent,
930 3858 1095 3943 proferre'.

261 3961 420 4028 Plurimas
442 3972 550 4028 autem
571 3965 867 4047 ‘grammaticorum
892 3961 1203 4027 commentariorum'
1227 3961 1381 4046 reliquias
1401 3956 1506 4023 Gellio
1528 3971 1560 4021 et

159 4067 263 4132 Nonio
288 4067 452 4132 debemus.
492 4090 627 4152 quorum
655 4067 708 4132 hic
737 4068 854 4153 quibus
881 4076 1012 4152 praeter
1035 4065 1176 4131 Gellium
1199 4087 1276 4129 usus
1299 4067 1340 4129 sit
1362 4062 1559 4145 auctoribus,

161 4173 335 4252 nescimus,
350 4171 441 4237 illurn
456 4175 564 4257 ipsum
580 4174 828 4236 commentarios
843 4170 966 4254 Nigidii
981 4171 1099 4254 legisse
1115 4169 1330 4251 crederemus,
1352 4169 1476 4232 etiamsi
1496 4189 1561 4232 non

159 4276 228 4360 ipse
245 4275 367 4340 diceret
382 4275 432 4340 his
449 4277 541 4340 locis:
557 4276 636 4358 XII,
657 4276 706 4360 14,
718 4276 753 4357 4,
766 4276 894 4360 XVIII,
907 4276 937 4354 4,
953 4275 1007 4357 11,
1025 4272 1170 4357 XVIIII,
1185 4273 1235 4356 14,
1248 4273 1278 4337 4.
1309 4275 1433 4358 primus
1448 4281 1558 4336 autem

159 4391 366 4400 ——--—-—-

265 4434 285 4498 ¹)
299 4435 401 4484 ‘vanos'
414 4435 520 4500 proprie
532 4435 594 4496 diei,
612 4449 666 4483 non
678 4439 709 4484 ut
721 4434 819 4500 vulgus
831 4434 940 4496 diceret,
958 4433 1114 4497 desipientIs
1128 4436 1177 4482 aut
1187 4432 1299 4482 hebetes
1311 4437 1359 4482 aut
1369 4434 1484 4497 ineptos,
1502 4431 1557 4491 sed,

159 4525 193 4569 ut
207 4526 327 4570 veterum
343 4520 489 4571 doctissimi
507 4521 645 4583 dixissent,
663 4520 805 4571 mendaces
823 4526 850 4571 ot
867 4520 963 4570 infidos
974 4525 1002 4569 et
1014 4517 1085 4568 leuia
1096 4519 1242 4582 inaniaque
1253 4534 1300 4584 pro
1313 4517 1439 4584 gravibus
1451 4523 1479 4568 et
1491 4519 1560 4566 veris

159 4609 321 4658 astutissime
333 4614 533 4674 componentes.
