3225 5092
123 171 181 287 ¹so

140 415 388 481 dominantibus.
419 416 592 482 arbitratus
609 416 686 481 deos
703 439 736 480 se
751 418 872 480 veritos
888 415 987 480 fuisse
1003 425 1135 502 propter
1149 424 1271 480 metum
1287 413 1532 481 dominabatur!
1601 475 1603 478 ,

137 522 171 585 in
183 520 232 585 his
245 521 410 607 complura
426 530 510 603 sunt,
527 544 609 607 quae
627 520 829 606 displiceant.
854 523 993 606 primum
1008 527 1093 584 enim
1110 520 1151 584 ad
1166 522 1274 605 priora
1289 519 1353 585 duo
1368 522 1532 585 enuntiata

138 647 196 709 per
213 625 265 688 ‘et'
283 628 453 690 coniuncta
474 626 537 690 duo
557 624 681 710 reliqua
698 626 766 689 sine
781 625 847 689 ullo
862 625 1042 709 particulae
1056 623 1186 688 vinculo
1201 624 1416 709 adponuntur.
1449 625 1532 710 quod
1601 642 1602 645 ’

140 751 214 794 cum
229 752 314 810 eum,
335 731 391 815 qui
411 729 532 794 scholia
549 729 736 794 Strozziana
756 731 930 812 recensuit,
950 751 1015 793 non
1031 729 1175 813 fugisset,
1197 731 1295 794 etiam
1310 729 1390 793 illud
1406 730 1457 793 ‘et'
1480 753 1532 793 ex·

137 835 264 918 punxit,
281 842 317 897 ut
333 837 439 899 omnia
455 837 621 898 enuntiata
640 837 790 909 ἀσυνδέτως
806 837 889 899 inter
904 857 938 898 se
950 837 1149 919 exciperent.
1177 856 1238 898 nec
1250 843 1358 899 tamen
1370 834 1533 900 meliorem
1601 870 1603 923 ς

135 939 181 1001 ita
207 937 348 1003 reddidit
376 941 527 1004 orationis
554 940 850 1004 conformationem.
892 937 971 1003 mihi
1003 949 1112 1003 autem
1143 939 1230 1022 quod
1260 938 1302 1002 ad
1333 940 1533 1004 enuntiatum
1601 938 1603 944 ⁸

137 1045 286 1107 ‘vacuam
301 1051 420 1108 terram
433 1045 585 1127 cognovit
597 1042 847 1108 dominantibus’
860 1045 984 1124 attinet,
1001 1044 1133 1108 offensio
1144 1042 1199 1107 illa
1211 1042 1361 1107 facillime
1373 1045 1534 1106 removeri
1601 1031 1603 1036 ³

136 1146 276 1228 videtur,
301 1148 328 1210 si
353 1157 428 1212 ante
453 1147 515 1210 hoc
539 1149 740 1212 enuntiatum
766 1157 839 1234 post
862 1170 977 1212 vocem
1004 1147 1151 1213 ‘sibimet'
1179 1147 1255 1211 ‘sed’
1277 1147 1469 1232 particulam
1488 1151 1532 1212 in·
1601 1173 1603 1183 ’

138 1253 282 1316 serimus.
319 1274 382 1337 quo
403 1252 490 1316 facto
511 1273 648 1338 sequens
670 1253 885 1336 enuntiatum,
909 1251 950 1314 ab
973 1251 1166 1316 ‘arbitratus'
1188 1251 1357 1337 incipiens,
1381 1273 1444 1315 non
1468 1254 1534 1316 iam
1601 1242 1603 1265 ¹

94 1421 95 1428 ¹
136 1353 273 1441 abrupte
285 1358 468 1442 adpositum
481 1359 550 1438 erit,
564 1357 659 1420 modo
671 1355 795 1420 medela
807 1356 1043 1442 simplicissima
1052 1357 1148 1420 aliam
1156 1356 1305 1420 tollamus
1314 1355 1533 1439 offensionem,
1601 1338 1602 1347 ἵ

135 1481 217 1544 quae
233 1469 281 1524 est
297 1462 329 1524 in
341 1460 441 1526 verbo
455 1461 625 1525 ‘convenit'
639 1483 770 1546 prorsus
783 1461 898 1525 eodem
909 1460 1015 1543 modo,
1031 1470 1129 1545 atque
1141 1462 1172 1524 in
1188 1460 1419 1544 ‘perveniendi'
1432 1462 1535 1525 verbo
1601 1460 1602 1487 ³

137 1586 234 1649 saepe
255 1566 300 1646 fit,
322 1587 397 1631 cum
416 1564 573 1629 adverbio
594 1565 655 1629 loci
677 1567 858 1629 coniuncto.
895 1567 987 1629 cuius
1010 1567 1057 1628 rei
1078 1564 1166 1650 apud
1185 1567 1374 1649 scriptores,
1395 1568 1536 1649 quinon
1601 1568 1603 1614 ἕ

137 1669 267 1732 infimae
290 1680 364 1734 sunt
382 1670 561 1755 latinitatis,
583 1669 699 1733 desunt
720 1669 880 1754 exempla.
924 1669 1138 1734 conveniendi
1158 1671 1242 1734 enim
1267 1669 1403 1733 verbum
1435 1672 1535 1734 etiam
1601 1706 1603 1712 =

135 1772 176 1836 de
189 1774 323 1858 singulis
335 1773 527 1855 hominibus,
544 1776 604 1837 nisi
621 1773 731 1838 subest
743 1775 830 1837 notio
845 1773 998 1837 veniendi
1015 1773 1056 1837 ad
1072 1774 1222 1859 aliquem,
1239 1796 1304 1838 non
1319 1773 1503 1838 adhibetur.
1513 1774 1535 1860 ¹)
1601 1774 1603 1845 ἶ

135 1899 233 1963 quam
255 1878 296 1943 ob
317 1903 386 1944 rem
407 1880 579 1944 ‘convenit'
601 1880 799 1964 corrigamus
820 1881 853 1942 in
874 1885 959 1944 ‘cum
979 1880 1088 1959 venit',
1109 1890 1146 1943 ut
1166 1880 1259 1943 ‘cum'
1276 1879 1307 1943 h.
1321 1879 1342 1943 l.
1359 1901 1433 1944 cum
1453 1880 1534 1944 indi·

135 1983 250 2060 cativo‚
273 1985 327 2069 qui
344 1985 470 2066 dicitnr,
494 1984 606 2049 eodem
622 1984 718 2048 modo
734 1987 873 2068 positum
891 1986 932 2048 sit
946 1992 1043 2070 atque
1058 2005 1090 2068 p.
1104 1983 1189 2065 69,9
1206 1984 1290 2046 ‘oum
1307 1983 1349 2047 ab
1365 1983 1444 2048 Iove
1461 1996 1536 2048 sunt
1601 1986 1603 2062 ξ

135 2086 227 2150 elati'.
257 2089 305 2152 his
322 2090 419 2172 igitur
435 2087 664 2153 mutationibus
679 2089 774 2152 factis
791 2088 875 2151 duae
891 2089 955 2152 iam
972 2086 1180 2152 difficultates
1196 2087 1342 2152 sublatae
1359 2098 1443 2152 sunt.
1473 2089 1533 2152 sed
1601 2095 1603 2162 ἶ

132 2193 163 2253 in
177 2192 256 2275 ipsc,
270 2191 355 2276 quod
369 2194 522 2277 sequitur,
537 2195 699 2256 enuntiato
712 2193 863 2276 primario
876 2201 983 2256 exstat
996 2194 1138 2257 offensio.
1163 2191 1303 2276 Typhon
1318 2193 1401 2256 enim
1414 2191 1535 2257 dicitur
1601 2257 1603 2273 ,

134 2293 310 2360 arbitratus
331 2319 400 2360 esse
423 2296 510 2360 ‘deos
531 2318 565 2360 se
585 2297 704 2360 veritos
725 2296 846 2360 fuisse'.
878 2296 965 2381 quod
986 2298 1012 2359 si
1032 2296 1208 2360 arbitratus
1228 2305 1286 2377 est,
1306 2318 1358 2360 res
1375 2318 1450 2360 eum
1469 2319 1536 2360 non
1601 2323 1603 2364 ε

136 2399 265 2482 fefellit3
283 2401 339 2465 sed
357 2422 393 2464 eo
410 2401 567 2485 deceptus
584 2408 641 2482 est,
660 2401 746 2486 quod
762 2401 840 2465 deos
856 2423 890 2466 se
905 2403 1026 2465 veritos
1042 2400 1189 2484 fugisse
1206 2399 1434 2465 arbitrabatur.

237 2505 297 2569 His
313 2516 377 2569 tres
393 2505 480 2570 locos
496 2505 626 2587 addam,
642 2507 676 2568 in
692 2504 811 2591 quibus
828 2505 980 2569 sanandis
996 2504 1184 2589 Merkelius,
1202 2526 1399 2590 quamquam
1415 2527 1533 2569 verum

132 2608 305 2674 adsecutus
321 2632 385 2674 non
406 2620 463 2690 est,
487 2619 596 2674 tamen
617 2611 775 2673 immerito
799 2609 959 2673 editorum
977 2608 1127 2694 plausum
1150 2607 1232 2672 tulit.
1264 2609 1421 2673 exhibent
1444 2611 1533 2673 enim
1601 2595 1603 2618 ἰ

134 2712 261 2778 codices
274 2715 336 2778 BP
348 2716 381 2777 in
393 2713 473 2796 loco,
487 2715 542 2800 qui
554 2720 603 2777 est
614 2736 645 2798 p.
660 2712 711 2795 87,
727 2713 780 2777 14:
794 2712 981 2778 ‘inmortalis
994 2713 1197 2777 conhibuisse
1209 2714 1286 2778 dum
1300 2713 1531 2798 (conhabuisse

138 2817 215 2882 dum
231 2818 273 2905 B)
290 2819 423 2904 possint’
437 2819 625 2906 (legendum
641 2827 690 2882 est
706 2840 780 2882 cum
796 2818 956 2882 Merkelio
972 2818 1139 2903 possent)
1157 2820 1197 2880 ‘ei
1213 2817 1378 2900 obsistere,
1396 2841 1467 2882 cum
1487 2822 1535 2882 eis
1601 2893 1603 2899 .

136 2921 302 2988 consilium
318 2924 486 3008 panderet'
501 2923 595 3010 (‘Pan
613 2924 714 2988 daret'
725 2922 903 2988 Merkelius
920 2921 1084 3008 correxit).
1112 2924 1224 3007 primis
1239 2923 1349 2987 verbis
1365 2945 1447 3007 quae
1464 2946 1535 2988 sen-

133 3029 232 3090 tentia
246 3029 375 3110 inesset,
394 3051 467 3093 cum
482 3031 547 3093 iam
563 3029 755 3094 scholiorum
767 3027 1025 3092 Strozzianorum
1037 3026 1188 3091 redactor
1198 3027 1418 3109 intellexisset,
1436 3051 1476 3091 ea
1489 3031 1537 3092 ita
1601 3095 1603 3100 ,

131 3129 232 3196 libero
245 3131 377 3196 arbitrio
391 3133 619 3198 conformavit:
634 3136 677 3198 ‘at
686 3133 799 3198 Iovem
812 3155 997 3197 consessum
1008 3131 1171 3213 habuisse,
1186 3154 1282 3217 quem
1291 3132 1334 3195 ad
1343 3132 1533 3196 modum...'

132 3256 303 3300 consessus
320 3248 427 3301 autem
444 3239 578 3302 deorum
593 3261 635 3302 ne
652 3238 704 3302 cui
721 3237 856 3324 placeat,
878 3236 1059 3301 verendum
1073 3258 1139 3300 non
1154 3246 1211 3300 est.
1243 3233 1420 3300 Merkelius
1436 3240 1537 3321 igitur

133 3339 231 3405 scribi
247 3343 351 3405 iussit:
376 3342 563 3406 ‘inmortalis
580 3343 747 3408 consilium
762 3341 926 3423 habuisse,
941 3365 1036 3406 num.
1048 3391 1054 3404 .
1066 3343 1083 3403 .'
1115 3363 1213 3426 quam
1229 3342 1457 3426 coniecturam,
1475 3364 1535 3426 per

132 3465 166 3506 se
179 3447 205 3507 si
218 3454 357 3530 spectes,
370 3447 572 3531 probandam
585 3448 699 3512 reicias
708 3469 840 3511 necesse
849 3455 898 3509 est
906 3455 1039 3531 propter
1051 3446 1195 3510 eiusdem
1203 3445 1355 3509 vocabuli
1363 3444 1536 3509 molestam

130 3551 370 3637 repetitionem,
396 3575 469 3617 cum
491 3563 668 3636 sequantur
687 3551 805 3615 verba:
827 3552 976 3615 ‘cumeis
1001 3550 1170 3615 consilium
1189 3551 1259 3614 Pan
1282 3549 1395 3614 daret'
1432 3551 1476 3614 ad
1496 3573 1536 3614 ea

131 3663 256 3737 autem,
278 3677 361 3740 quae
382 3659 444 3740 ipsi
466 3657 596 3720 consilio
618 3659 870 3740 praemittuntur
890 3655 942 3741 (‘si
963 3677 1068 3740 neque
1088 3665 1191 3718 terras
1211 3655 1394 3739 relinquere
1412 3654 1537 3719 vellent

130 3781 236 3844 neque
257 3760 425 3846 Typhonis
447 3764 639 3826 immanitati
658 3764 807 3825 resistere
830 3760 1000 3845 possent'),
1027 3762 1168 3824 maxime
1190 3762 1340 3824 convenit
1359 3759 1443 3822 haec
1465 3782 1534 3823 sen·
1601 3781 1603 3784 ’

129 3865 244 3926 tentia:
267 3865 343 3929 deos
364 3890 427 3931 non
449 3869 556 3932 statim
572 3867 766 3953 Typhonem
786 3869 964 3953 punivisse,
987 3867 1043 3930 sed
1066 3867 1183 3930 otiosos
1205 3874 1422 3950 exspectasse,
1445 3863 1534 3928 ‘dum

129 3977 262 4052 possent
277 3973 307 4033 ei
319 3971 495 4036 obsistere'.
525 3994 621 4056 quam
635 3975 827 4037 sententiam
839 3974 1046 4054 restituimus,
1063 3973 1089 4034 si
1103 3968 1328 4034 ‘conhibuisse’
1343 3969 1534 4052 corrigimus
1601 3952 1603 3975 ¹

129 4073 162 4135 in
176 4075 355 4138 ‘conivisse'
370 4075 403 4160 (a
416 4075 622 4162 conivendo).
647 4077 742 4162 paulo
757 4076 840 4140 infra
852 4099 883 4160 p.
895 4075 945 4160 87,
958 4075 997 4138 19
1006 4097 1052 4159 sq.
1064 4075 1202 4158 legimus
1214 4073 1301 4157 apud
1314 4073 1533 4157 Breysigium,
1601 4059 1603 4149 l

130 4183 165 4240 ut
180 4177 267 4261 apud
283 4179 589 4262 Eyssenhardtium:
612 4184 761 4265 ‘namque
781 4190 884 4244 terras
905 4181 1086 4264 relinquere
1106 4202 1172 4243 non
1192 4178 1263 4241 dari
1278 4185 1473 4264 potestatem
1488 4181 1531 4240 in·
1601 4182 1603 4234 ἐ

129 4280 344 4364 mortalibus'3
370 4283 451 4347 haec
475 4283 587 4367 verba,
615 4288 641 4347 si
663 4287 707 4348 ita
734 4285 853 4350 tradita
881 4292 998 4368 essent,
1025 4287 1090 4348 nou
1116 4292 1247 4368 possent
1272 4304 1338 4346 non
1364 4281 1535 4346 offensioni
1601 4308 1603 4313 ·

234 4527 253 4592 ¹)
268 4527 308 4576 Ad
318 4528 389 4578 hunc
398 4545 475 4578 usum
488 4529 677 4579 illustrandum
687 4529 798 4580 idoneus
812 4536 852 4580 est
863 4530 983 4580 Caesaris
995 4530 1070 4579 locus
1080 4529 1113 4578 de
1124 4528 1192 4579 Bell.
1204 4527 1274 4578 Gall.
1284 4528 1331 4589 VI,
1341 4528 1382 4589 37,
1394 4529 1421 4575 6:
1436 4528 1534 4592 ‘neque

128 4629 180 4680 quo
194 4617 272 4681 signa
288 4615 416 4678 ferantur,
430 4630 518 4681 neque
532 4632 612 4682 quarn
627 4618 654 4665 in
668 4621 770 4682 partem
784 4619 899 4682 quisque
913 4617 1064 4679 conveniat,
1078 4611 1237 4681 provident'
